@inproceedings{bravenboer,
  author    = {Martin Bravenboer and
               Yannis Smaragdakis},
  title     = {Strictly declarative specification of sophisticated points-to
               analyses},
  booktitle = {OOPSLA},
  year      = {2009},
  pages     = {243-262},
}

@InProceedings{slam,
  author =	"T. Ball and R. Majumdar and T. Millstein and S. Rajamani",
  title =	"Automatic Predicate Abstraction of {C} Programs",
  pages =	"203--213",
  booktitle =	"PLDI",
  year = 	"2001",
}

@InProceedings{Reps94,
  title =	"Solving Demand Versions of Interprocedural Analysis Problems",
  author =	"T. W. Reps",
  booktitle =	"Proceedings of 5th Intl. Conf. on Compiler Construction",
  year = 	"1994",
  pages =	"389--403",
}

@InProceedings{Reps93,
  title =	"Demand Interprocedural Program Analysis Using Logic Databases",
  author =	"T. W. Reps",
  year = 	"1993",
  booktitle =	"Workshop on Programming with Logic Databases",
  pages =	"163--196"
}

@InProceedings{kobj,
  title =   "Parameterized object sensitivity for points-to and side-effect analyses for {Java}",
  author =  "A. Milanova and A. Rountev and B. Ryder",
  booktitle =  "ISSTA",
  pages =   "1--11",
  year="2002"
}
@InProceedings{kcfa,
  title =       "Control-Flow Analysis in {Scheme}",
  author =      "O. Shivers",
  booktitle={PLDI},
  pages =       "164--174",
  year = "1988"
}

@Article{joeq,
  author = {J. Whaley},
  title = {Joeq: A Virtual Machine and Compiler Infrastructure},
  journal   = {Science of Computer Programming},
  volume    = {57},
  number    = {3},
  year      = {2005},
  pages     = {339--356}
}

@misc{chord,
title={Chord: A Static and Dynamic Program Analysis Framework for {Java}},
howpublished={\verb+http://code.google.com/p/jchord/+}
}

@INPROCEEDINGS{Aldrich99:sas,
    author = {J. Aldrich and C. Chambers and E. G. Sirer and S. J. Eggers},
    title = {Static Analyses for Eliminating Unnecessary Synchronization from {Java} Programs},
    booktitle = {Proceedings of the 6th Intl. Static Analysis Symp. (SAS)},
    pages = {19--38},
    year = {1999}
}

@inproceedings{Liang02:eval1,
 author = {Liang, Donglin and Pennings, Maikel and Harrold, Mary Jean},
 title = {Evaluating the precision of static reference analysis using profiling},
 booktitle = {Proceedings of the ACM SIGSOFT Intl. Symp. on Software Testing and Analysis (ISSTA)},
 pages = {22--32},
 year = {2002}
}

@inproceedings{Liang06:eval2,
 author = {D. Liang and M. Pennings and M. J. Harrold},
 title = {Evaluating the impact of context-sensitivity on Andersen's algorithm for Java programs},
 booktitle = {Proceedings of the ACM SIGPLAN-SIGSOFT Workshop on Program Analysis For Software Tools and Engineering (PASTE)},
 pages = {6--12},
 year = {2006}
}

@article{Aldrich03:scp,
  author    = {J. Aldrich and E. Sirer and C. Chambers and S. J. Eggers},
  title     = {Comprehensive synchronization elimination for {Java}},
  journal   = {Science of Computer Programming},
  volume    = {47},
  number    = {2-3},
  pages     = {91-120},
  year      = {2003}
}

@INPROCEEDINGS{Gogul06:recency,
    author = {G. Balakrishnan and T. W. Reps},
    title = {Recency-Abstraction for Heap-Allocated Storage},
	booktitle =   "Proceedings of the 13th Intl. Static Analysis Symp. (SAS)",
    pages = {221--239},
    year = {2006}
}

@article{Grove01:callgraph,
 author = {D. Grove and C. Chambers},
 title = {A framework for call graph construction algorithms},
 journal = {ACM Transactions on Programming Languages and Systems},
 volume = {23},
 number = {6},
 pages={685--746},
 year = {2001}
}

@InProceedings{DaCapo:oopsla,
  title={The {DaCapo} benchmarks: {J}ava benchmarking development and analysis},
  author={Blackburn, S. M. and Garner, R. and Hoffman, C. and Khan, A. M.
      and McKinley, K. S. and Bentzur, R. and Diwan, A. and Feinberg, D. 
      and Frampton, D. and Guyer, S. Z. and Hirzel, M. and Hosking, A.
      and Jump, M. and Lee, H. and Moss, J. E. B. and Phansalkar, A.
      and Stefanovi\'{c}, D. and {VanDrunen}, T. and von~Dincklage, D.
      and Wiedermann, B.},
  booktitle = {Proceedings of the 21st ACM SIGPLAN Conf. on Object-Oriented Programing Systems, Languages and Applications (OOPSLA)},
   pages={169--190},
  year = {2006}
}

@TechReport{DaCapo:TR,
  title={The {DaCapo} {Benchmarks}: {Java} Benchmarking Development and Analysis (Extended Version)},
  author={Blackburn, S. M. and Garner, R. and Hoffman, C. and Khan, A. M.
      and McKinley, K. S. and Bentzur, R. and Diwan, A. and Feinberg, D. 
      and Frampton, D. and Guyer, S. Z. and Hirzel, M. and Hosking, A.
      and Jump, M. and Lee, H. and Moss, J. E. B. and Phansalkar, A. 
      and Stefanovi\'{c}, D. 
      and {VanDrunen}, T. and von~Dincklage, D. and Wiedermann, B.},
  year = {2006}
}

@inproceedings{Ruf02:pldi,
 author = {E. Ruf},
  booktitle={Proceedings of the ACM SIGPLAN Conf. on Programming Language Design and Implementation (PLDI)},
 title = {Effective synchronization removal for {Java}},
  pages={208--218},
 year = {2000},
}

@INPROCEEDINGS{Blanchet99:oopsla,
    author = {B. Blanchet},
    title = {Escape Analysis for Object-Oriented Languages: Application to {J}ava},
    booktitle = {Proceedings of the 14th ACM SIGPLAN Conf. on Object-Oriented Programming Systems, Languages and Applications (OOPSLA)},
    pages = {20--34},
    year = {1999}
}

@article{Blanchet03:toplas,
	author={B. Blanchet},
	title={Escape analysis for {Java}: Theory and practice},
	journal={ACM Transactions on Programming Languages and Systems},
	volume=25,
	number=6,
	pages={713--775},
	year=2003
}

@INPROCEEDINGS{Lev-Ami00:puttingstatic,
    author = {Tal Lev-Ami and Thomas Reps and Mooly Sagiv and Reinhard Wilhelm},
    title = {Putting Static Analysis to Work for Verification: A Case Study},
    booktitle = {In Intl. Symp. on Software Testing and Analysis},
    pages = {26--38},
    year = {2000}
}

@article{Sagiv02:toplas,
 author = {M. Sagiv and T. W. Reps and R. Wilhelm},
 title = {Parametric shape analysis via 3-valued logic},
 journal = {ACM Transactions on Programming Languages and Systems},
 volume = {24},
 number = {3},
 year = {2002},
 pages = {217--298}
}

@INPROCEEDINGS{Naik06:pldi,
    author = {M. Naik and A. Aiken and J. Whaley},
    title = {Effective static race detection for {Java}},
    booktitle = {Proceedings of ACM Conf. on Programming Language Design and Implementation},
    pages={308--319},
    year = {2006}
}

@inproceedings{Dufour08:blended2,
 author = {B. Dufour and B. G. Ryder and G. Sevitsky},
 title = {A scalable technique for characterizing the usage of temporaries in framework-intensive {Java} applications},
 booktitle = {Proceedings of the 16th ACM SIGSOFT Intl. Symp. on Foundations of Software Engineering (FSE)},
 pages={59--70},
 year = {2008}
}

@inproceedings{Mitchell09:yeti,
 author = {N. Mitchell and E. Schonberg and G. Sevitsky},
 title = {Making Sense of Large Heaps},
 booktitle = {Proceedings of the 23rd European Conf. on Object-Oriented Programming (ECOOP)},
  pages={77--97},
 year = {2009}
}

@inproceedings{Zalamea00:pipelinedloops,
 author = {J. Zalamea and J. Llosa and E. Ayguad\'{e} and M. Valero},
 title = {Improved spill code generation for software pipelined loops},
 booktitle = {Proceedings of the ACM SIGPLAN Conf. on Programming Language Design and Implementation (PLDI)},
 pages={134--144},
 year = {2000}
}

@inproceedings{GhemawatRS00:fieldanalysis,
  author    = {S. Ghemawat and K. H. Randall and D. J. Scales},
  title     = {Field analysis: getting useful and low-cost interprocedural information},
  booktitle = {Proceedings of the ACM SIGPLAN Conf. on Programming Language Design and Implementation (PLDI)},
  pages={334--344},
  year      = {2000}
}

@mastersthesis{Dufour04:quantification,
    author = {B. Dufour},
    title = {Objective quantification of program behaviour using dynamic metrics},
    school = {McGill University, Canada},
    year = {2004}
}

@inproceedings{Shaham02:liveness,
	author = {R. Shaham and E. K. Kolodner and M. Sagiv},
	title = {Estimating the impact of heap liveness information on space consumption in {Java}},
	booktitle = {Proceedings of the Workshop on Memory Systems Performance (MSP) and the Intl. Symp. on Memory Management (ISMM)},
   pages={171--182},
	year = {2002}
}
 
@inproceedings{Dufour07:blended1,
 author = {B. Dufour and B. G. Ryder and G. Sevitsky},
 title = {Blended analysis for performance understanding of framework-based applications},
 booktitle = {Proceedings of the ACM SIGSOFT Intl. Symp. on Software Testing and Analysis (ISSTA)},
  pages="118--128",
 year = {2007}
}


@inproceedings{Mitchell06:ownership,
  author    = {N. Mitchell},
  title     = {The Runtime Structure of Object Ownership},
 booktitle = {Proceedings of the 20th European Conf. on Object-Oriented Programming (ECOOP)},
  pages={74--98},
  year      = {2006}
}

@inproceedings{Mitchell07:causebloat,
	 author = {Mitchell, Nick and Sevitsky, Gary},
	 title = {The causes of bloat, the limits of health},
	 booktitle = {Proceedings of the 22nd ACM SIGPLAN Conf. on Object-Oriented Programming Systems, Languages and Applications (OOPSLA)},
     pages={245--260},
	 year = {2007}
}

@inproceedings{Dieckmann99:alloc,
 author = {S. Dieckmann and U. H\"{o}lzle},
 title = {A Study of the Allocation Behavior of the SPECjvm98 {Java} Benchmark},
 booktitle = {Proceedings of the 13th European Conf. on Object-Oriented Programming (ECOOP)},
 year = {1999},
 pages={92--115}
}

@inproceedings{Harris00:pretenuring,
 author = {T. L. Harris},
 title = {Dynamic adaptive pre-tenuring},
 booktitle = {Proceedings of the Intl. Symp. on Memory Management (ISMM)},
 pages={127--136},
 year = {2000}
}

@inproceedings{Hirzel03:connectivity,
 author = {M. Hirzel and J. Henkel and A. Diwan and M. Hind},
 title = {Understanding the connectivity of heap objects},
 booktitle={Proceedings of the Workshop on Memory Systems Performance (MSP) and the Intl. Symp. on Memory Management (ISMM)},
  pages={143--156},
 year = {2003}
}

@inproceedings{Bogda99:sync,
 author = {J. Bogda and U. H\"{o}lzle},
 title = {Removing unnecessary synchronization in {Java}},
   booktitle = {Proceedings of the 14th ACM SIGPLAN Conf. on Object-Oriented Programming Systems, Languages and Applications (OOPSLA)},
   pages = {35--46},
 year = {1999}
}

@inproceedings{Naik09:icse,
 author = {M. Naik and C-S. Park and K. Sen and D. Gay},
 title = {Effective static deadlock detection},
 booktitle = {Proceedings of the 31st Intl. Conf. on Software Engineering (ICSE)},
 pages={386--396},
 year = {2009}
}

@inproceedings{Yoo08:transactionalmem,
 author = {R. M. Yoo and Y. Ni and A. Welc and B. Saha and A-R. Adl-Tabatabai and H-H. S. Lee},
 title = {Kicking the tires of software transactional memory: why the going gets tough},
 booktitle = {Proceedings of the 20th ACM Symp. on Parallelism in Algorithms and Architectures (SPAA)},
 pages={265--274},
 year = {2008}
}

@INPROCEEDINGS{Choi02:datarace,
    author = {J-D. Choi and K. Lee and A. Loginov and R. O'Callahan and V. Sarkar and M. Sridharan},
    title = {Efficient and Precise Datarace Detection for Multithreaded Object-Oriented Programs},
    booktitle = {Proceedings of the ACM SIGPLAN Conf. on Programming Language Design and Implementation (PLDI)},
   pages={258--269},
    year = {2002}
}

@inproceedings{Lee06:twophaseesc,
 author = {K. Lee and S. P. Midkiff},
 title = {A two-phase escape analysis for parallel {Java} programs},
 booktitle = {Proceedings of the 15th Intl. Conf. on Parallel Architectures and Compilation Techniques (PACT)},
 pages={53--62},
 year = {2006}
}

@phdthesis{kn:Wang94,
  AUTHOR = "E. Y.-B. Wang",
  Title ="Analysis of Recursive Types in an Imperative Language",
  School = "Univ. of Calif.",
  YEAR = 1994,
  address = "Berkeley, CA"
}

@InProceedings{HeintzeTardieu2001,
  author =	"N. Heintze and O. Tardieu",
  title =	"Demand-driven pointer analysis",
  pages =	"24--34",
  booktitle =	"PLDI",
  year = 2001
}

@Article{GuyerLin2005,
  title =	"Error checking with client-driven pointer analysis",
  author =	"S. Guyer and C. Lin",
  journal =	"Science of Computer Programming",
  year = 	"2005",
  number =	"1-2",
  volume =	"58",
  pages =	"83--114",
}

@InProceedings{PlevyakChien1994,
  title =	"Precise Concrete Type Inference for Object-Oriented Languages",
  author =	"J. Plevyak and A. Chien",
  booktitle={OOPSLA},
  pages =	"324--340",
}

@InProceedings{Sridharan+2005,
  author =	"M. Sridharan and D. Gopan and L. Shan and R. Bod{\'\i}k",
  title =	"Demand-driven points-to analysis for {Java}",
  booktitle={OOPSLA},
  pages =	"59--76",
  year = 2005
}

@InProceedings{ZhengRugina2008,
  title =	"Demand-driven alias analysis for {C}",
  author =	"Xin Zheng and Radu Rugina",
  booktitle =	"POPL",
  pages =	"197--208",
  year = 1998
}

@InProceedings{SridharanBodik2006,
  title =	"Refinement-based context-sensitive points-to analysis
		 for {Java}",
  author =	"M. Sridharan and R. Bod{\'i}k",
  booktitle =	{PLDI},
   pages =	"387--400",
   year=2006
}

@InProceedings{GuyerLin2003,
  title =	"Client-Driven Pointer Analysis",
  author =	"S. Guyer and C. Lin",
  booktitle =	"SAS",
  pages =	"214--236",
  year = 2003
}

@InProceedings{ValleeRai+1999,
author={R. Vall\'ee-Rai and P. Co and E. Gagnon and L. Hendren and P. Lam and V. Sundaresan},
title={Soot - a {J}ava Optimization Framework},
booktitle={Proceedings of the 1999 Conference of the Centre for Advanced Studies on Collaborative Research (CASCON'99)},
pages={125-135},
year={1999}
}

@inproceedings{XuRountev2008,
 author = {G. Xu and A. Rountev},
 title = {Merging equivalent contexts for scalable heap-cloning-based context-sensitive points-to analysis},
 booktitle = "{ISSTA '08}",
 pages = {225--236},
 }

@InProceedings{Lattner+2007,
  title =	"Making context-sensitive points-to analysis with heap
		 cloning practical for the real world",
  author =	"C. Lattner and A. Lenharth and V. Adve",
  booktitle =	"{PLDI'07}",
  pages =	"278--289",
}

@InProceedings{LiangHarrold2001,
  title =	"Efficient Computation of Parameterized Pointer
		 Information for Interprocedural Analyses",
  author =	"D. Liang and M. Harrold",
  booktitle =	"{SAS'01}",
  pages =	"279--298",
}

@InProceedings{Nystrom+2004,
  title =	"Importance of heap specialization in pointer
		 analysis",
  author =	"E. Nystrom and H. Kim and W. Hwu",
  booktitle =	"{PASTE'04}",
  pages =	"43--48",
}


@InProceedings{Shivers1988,
  title =	"Control-Flow Analysis in Scheme",
  author =	"O. Shivers",
  booktitle =	"{PLDI'88}",
  pages =	"164--174"
}

@Article{MilanovaRountevRyder2005,
  author =  "A. Milanova and A. Rountev and B. Ryder",
  title =   "Parameterized object sensitivity for points-to
         analysis for {Java}",
  journal = "ACM Transactions on Software Engineering and
         Methodology",
  volume =  "14",
  number =  "1",
  pages =   "1--41",
  year =    "2005",
}

@phdthesis{Whaley2007,
  author = "J. Whaley",
  title = "Context-Sensitive Pointer Analysis using Binary Decision Diagrams",
  school = "Stanford University",
  year = 2007
}

@phdthesis{Milanova2003,
  author = "A. Milanova",
  title = "Precise and Practical Flow Analysis of Object-oriented Software",
  school = "Rutgers University",
  year = 2003
}

@inproceedings{NaikAikenWhaley2006,
  author = {M. Naik and A. Aiken and J. Whaley},
  title = {Effective Static Race Detection for {Java}},
  booktitle = "{PLDI}",
  pages= "308--319",
 year = 2006
}

@Article{LhotakHendren2008,
  author =       "O. Lhot\'{a}k and L. Hendren",
  title =        "Evaluating the benefits of context-sensitive points-to analysis using a {BDD}-based implementation",
  journal =      "ACM Transactions on Software Engineering and
         Methodology",
  volume =       "18",
  number =       "1",
  year =         "2008",
  pages =        "1--53",
}

@InProceedings{LhotakHendren2006,
  author =       "O. Lhot\'ak and L. Hendren",
  title =        "Context-sensitive points-to analysis: is it worth it?",
  booktitle =    "CC",
  pages =        "47--64",
  year = 2006
}

@inproceedings{WhaleyLam2004,
  author = {J. Whaley and M. Lam},
  title = {Cloning-Based Context-Sensitive Pointer Alias Analysis Using Binary Decision Diagrams},
  booktitle = "PLDI",
  pages="131--144",
  year = 2004
}
