%%%%%%%%%%%%%%%%%%%%%%%%%%%%%%%%%%%%%%%%%%%%%%%%%%%%%%%%%%%%
% This file is automatically generated.  Do not modify this
% file directly, or else your changes will be overwritten.
%%%%%%%%%%%%%%%%%%%%%%%%%%%%%%%%%%%%%%%%%%%%%%%%%%%%%%%%%%%%"
@article{ferguson73dp,
  title = {A {B}ayesian Analysis of Some Nonparametric Problems},
  author = {T. S. Ferguson},
  journal = {Annals of Statistics},
  pages = {209--230},
  volume = {1},
  year = {1973},
}

@article{ferguson74prior,
  title = {Prior distributions on spaces of probability measures},
  author = {T. S. Ferguson},
  journal = {Annals of Statistics},
  pages = {615--629},
  volume = {2},
  year = {1974},
}

@article{blackwell73urn,
  title = {{F}erguson Distributions via {P}\'olya Urn Schemes},
  author = {D. Blackwell and J. B. MacQueen},
  journal = {Annals of Statistics},
  pages = {353--355},
  volume = {1},
  year = {1973},
}

@article{aldous85exch,
  title = {Exchangeability and related topics},
  author = {D. Aldous},
  journal = {Springer Lecture Notes in Math},
  pages = {1--198},
  volume = {1117},
  year = {1985},
}

@article{antoniak74dpmix,
  title = {Mixtures of {D}irichlet Processes with Applications to {B}ayesian Nonparametric Problems},
  author = {C. E. Antoniak},
  journal = {Annals of Statistics},
  pages = {1152--1174},
  volume = {2},
  year = {1974},
}

@article{sethuraman94stick,
  title = {A Constructive Definition of {D}irichlet Priors},
  author = {J. Sethuraman},
  journal = {Statistica Sinica},
  pages = {639--650},
  volume = {4},
  year = {1994},
}

@article{escobar95mixture,
  title = {{B}ayesian Density Estimation and Inference Using Mixtures},
  author = {M. D. Escobar and M. West},
  journal = {Journal of the American Statistical Association},
  pages = {577--588},
  volume = {90},
  year = {1995},
}

@techreport{west95hyper,
  institution = {Department of Statistics, Duke University},
  title = {Hyperparameter estimation in {D}irichlet process mixture models},
  author = {M. West},
  year = {1995},
}

@article{pitman97yor,
  title = {The two-parameter {P}oisson-{D}irichlet distribution derived from a stable subordinator},
  author = {J. Pitman and M. Yor},
  journal = {Annals of Probability},
  pages = {855--900},
  volume = {25},
  year = {1997},
}

@article{ishwaran02exact,
  title = {Exact and approximate sum-representations for the {D}irichlet process},
  author = {H. Ishwaran and M. Zarepour},
  journal = {Canadian Journal of Statististics},
  pages = {269--284},
  volume = {30},
  year = {2002},
}

@inproceedings{griffiths06ibp,
  address = {Cambridge, MA},
  title = {Infinite Latent Feature Models and the {I}ndian Buffet Process},
  author = {T. Griffiths and Z. Ghahramani},
  publisher = {MIT Press},
  booktitle = {Advances in Neural Information Processing Systems (NIPS)},
  year = {2007},
}

@inproceedings{thibaux07hbp,
  title = {Hierarchical {B}eta Processes and the {I}ndian Buffet Process},
  author = {R. Thibaux and M. I. Jordan},
  booktitle = {Artificial Intelligence and Statistics (AISTATS)},
  year = {2007},
}

@inproceedings{xing04haplotype,
  title = {Beam Sampling for the Infinite Hidden {M}arkov Model},
  author = {J. V. Gael and Y. Saatci and Y. W. Teh and Z. Ghahramani},
  pages = {1088--1095},
  publisher = {Omnipress},
  booktitle = {International Conference on Machine Learning (ICML)},
  year = {2008},
}

@inproceedings{xing04haplotype,
  title = {{B}ayesian Haplotype Inference via the {D}irichlet Process},
  author = {E. P. Xing and R. Sharan and M. I. Jordan},
  pages = {111--118},
  publisher = {Omnipress},
  booktitle = {International Conference on Machine Learning (ICML)},
  year = {2004},
}

@article{teh06hdp,
  title = {Hierarchical {D}irichlet processes},
  author = {Y. W. Teh and M. I. Jordan and M. Beal and D. Blei},
  journal = {Journal of the American Statistical Association},
  pages = {1566--1581},
  volume = {101},
  year = {2006},
}

@techreport{rodriguez06ndp,
  institution = {Department of Statistics, Duke University},
  title = {The nested {D}irichlet process},
  author = {A. Rodriguez and D. B. Dunson and A. E. Gelfand},
  year = {2006},
}

@article{rodriguez08ndp,
  title = {The nested {D}irichlet process},
  author = {A. Rodriguez and D. B. Dunson and A. E. Gelfand},
  journal = {Journal of the American Statistical Association},
  pages = {1131--1144},
  volume = {103},
  year = {2008},
}

@inproceedings{beal01ihmm,
  address = {Cambridge, MA},
  title = {The infinite hidden {M}arkov model},
  author = {M. Beal and Z. Ghahramani and C. Rasmussen},
  pages = {577--584},
  publisher = {MIT Press},
  booktitle = {Advances in Neural Information Processing Systems (NIPS)},
  year = {2002},
}

@inproceedings{sohn06ihmm,
  address = {Cambridge, MA},
  title = {A Hidden {M}arkov {D}irichlet Process Model for Genetic Recombination in Open Ancestral Space},
  author = {K. Sohn and E. P. Xing},
  publisher = {MIT Press},
  booktitle = {Advances in Neural Information Processing Systems (NIPS)},
  year = {2007},
}

@inproceedings{teh06pitmanyor,
  title = {A Hierarchical {B}ayesian Language Model Based On {P}itman-{Y}or Processes},
  author = {Y. W. Teh},
  pages = {985--992},
  publisher = {Association for Computational Linguistics},
  booktitle = {International Conference on Computational Linguistics and Association for Computational Linguistics (COLING/ACL)},
  year = {2006},
}

@inproceedings{goldwater06segmentation,
  title = {Contextual Dependencies in Unsupervised Word Segmentation},
  author = {S. Goldwater and T. Griffiths and M. Johnson},
  publisher = {Association for Computational Linguistics},
  booktitle = {International Conference on Computational Linguistics and Association for Computational Linguistics (COLING/ACL)},
  year = {2006},
}

@inproceedings{sudderth05transformed,
  address = {Cambridge, MA},
  title = {Describing Visual Scenes using Transformed {D}irichlet Processes},
  author = {E. B. Sudderth and A. B. Torralba and W. T. Freeman and A. S. Willsky},
  pages = {1297--1304},
  publisher = {MIT Press},
  booktitle = {Advances in Neural Information Processing Systems (NIPS)},
  year = {2006},
}

@article{daume05clustering,
  title = {A {B}ayesian Model for Supervised Clustering with the {D}irichlet Process Prior},
  author = {H. Daume and D. Marcu},
  journal = {Journal of Machine Learning Research},
  pages = {1--48},
  volume = {1},
  year = {2005},
}

@article{blei05variational,
  title = {Variational Inference for {D}irichlet Process Mixtures},
  author = {D. Blei and M. I. Jordan},
  journal = {Bayesian Analysis},
  pages = {121--144},
  volume = {1},
  year = {2005},
}

@inproceedings{teh06collapsed,
  address = {Cambridge, MA},
  title = {A Collapsed Variational {B}ayesian Inference Algorithm for {L}atent {D}irichlet {A}llocation},
  author = {Y. W. Teh and D. Newman and M. Welling},
  pages = {1353--1360},
  publisher = {MIT Press},
  booktitle = {Advances in Neural Information Processing Systems (NIPS)},
  year = {2007},
}

@inproceedings{kurihara06accelerated,
  address = {Cambridge, MA},
  title = {Accelerated Variational {D}irichlet Mixture Models},
  author = {K. Kurihara and M. Welling and N. Vlassis},
  publisher = {MIT Press},
  booktitle = {Advances in Neural Information Processing Systems (NIPS)},
  year = {2007},
}

@inproceedings{kurihara07collapsed,
  address = {Hyderabad, India},
  title = {Collapsed Variational {D}irichlet Process Mixture Models},
  author = {K. Kurihara and M. Welling and Y. W. Teh},
  booktitle = {International Joint Conference on Artificial Intelligence (IJCAI)},
  year = {2007},
}

@inproceedings{daume07astar,
  title = {Fast search for {D}irichlet process mixture models},
  author = {H. Daume},
  booktitle = {Artificial Intelligence and Statistics (AISTATS)},
  year = {2007},
}

@inproceedings{heller05hierarchical,
  title = {{B}ayesian Hierarchical Clustering},
  author = {K. A. Heller and Z. Ghahramani},
  publisher = {Omnipress},
  booktitle = {International Conference on Machine Learning (ICML)},
  year = {2005},
}

@article{ishwaran01gibbs,
  title = {{G}ibbs Sampling Methods for Stick-Breaking Priors},
  author = {H. Ishwaran and L. F. James},
  journal = {Journal of the American Statistical Association},
  pages = {161--173},
  volume = {96},
  year = {2001},
}

@techreport{papaspiliopoulos04retro,
  institution = {Lancaster University},
  title = {Retrospective {MCMC} for {D}irichlet process hierarchical models},
  author = {O. Papaspiliopoulos and G. O. Roberts},
  year = {2004},
}

@article{papaspiliopoulos08retro,
  title = {Retrospective {MCMC} for {D}irichlet process hierarchical models},
  author = {O. Papaspiliopoulos and G. O. Roberts},
  journal = {Biometrika},
  pages = {169--186},
  volume = {95},
  year = {2008},
}

@article{walker07slice,
  title = {Sampling the {D}irichlet Mixture Model with Slices},
  author = {S. G. Walker},
  journal = {Communications in Statistics - Simulation and Computation},
  pages = {45--54},
  volume = {36},
  year = {2004},
}

@techreport{dahl03splitmerge,
  institution = {Department of Statistics, University of Wisconsin},
  title = {An Improved Merge-Split Sampler for Conjugate {D}irichlet Process Mixture Models},
  author = {D. B. Dahl},
  year = {2003},
}

@techreport{dahl03univariate,
  institution = {Department of Statistics, University of Wisconsin},
  title = {Modal Clustering in a Univariate Class of Product Partition Models},
  author = {D. B. Dahl},
  year = {2003},
}

@techreport{neal00dp,
  institution = {Department of Statistics, University of Toronto},
  title = {{M}arkov Chain Sampling Methods for {D}irichlet Process Mixture Models},
  author = {R. Neal},
  year = {2000},
}

@techreport{jain00splitmerge,
  institution = {Department of Statistics, University of Toronto},
  title = {A Split-Merge {M}arkov Chain {M}onte {C}arlo Procedure for the {D}irichlet Process Mixture Model},
  author = {S. Jain and R. Neal},
  year = {2000},
}

@techreport{jain05splitmerge,
  institution = {Department of Statistics, University of Toronto},
  title = {Splitting and merging components of a nonconjugate {D}irichlet process mixture model},
  author = {S. Jain and R. Neal},
  year = {2005},
}

@article{blei03lda,
  title = {Latent {D}irichlet Allocation},
  author = {D. Blei and A. Ng and M. I. Jordan},
  journal = {Journal of Machine Learning Research},
  pages = {993--1022},
  volume = {3},
  year = {2003},
}

@inproceedings{hamze04fields,
  title = {From Fields to Trees},
  author = {F. Hamze and N. d. Freitas},
  booktitle = {Uncertainty in Artificial Intelligence (UAI)},
  year = {2004},
}

@inproceedings{welling06flexible,
  title = {Flexible Priors for Infinite Mixture Models},
  author = {M. Welling},
  booktitle = {International Conference on Machine Learning Workshop on Nonparametric Bayesian Methods},
  year = {2006 2006},
}

@article{johnson84randproj,
  title = {Extensions of {L}ipschitz maps into a {H}ilbert space},
  author = {W. Johnson and J. Lindenstrauss},
  journal = {Contemporary Mathematics},
  pages = {189--206},
  volume = {26},
  year = {1984},
}

@inproceedings{dasgupta99mixgauss,
  title = {Learning mixtures of {G}aussians},
  author = {S. Dasgupta},
  booktitle = {Foundations of Computer Science (FOCS)},
  year = {1999},
}

@article{kannan97convex,
  title = {Random walks and an ${O}^*(n^5)$ volume algorithm for convex bodies},
  author = {R. Kannan and L. Lovasz and M. Simonovits},
  journal = {Random Structures and Algorithms},
  pages = {1--50},
  volume = {11},
  year = {1997},
}

@inproceedings{friedman03bayesian,
  title = {Being {B}ayesian about {B}ayesian Network Structure: A {B}ayesian Approach to Structure Discovery in {B}ayesian Networks},
  author = {N. Friedman and D. Koller},
  pages = {201--210},
  booktitle = {Uncertainty in Artificial Intelligence (UAI)},
  year = {2000},
}

@article{swendsen87,
  title = {Nonuniversal critical dynamics in {MC} simulations},
  author = {R. H. Swendsen and J. S. Wang},
  journal = {Physics Review Letters},
  pages = {86--88},
  volume = {58},
  year = {1987},
}

@article{barbu05swendsen,
  title = {Generalizing {S}wendsen-{W}ang to sampling arbitrary posterior probabilities},
  author = {A. Barbu and S. C. Zhu},
  journal = {IEEE Transactions on Pattern Analysis and Machine Intelligence},
  pages = {1239--1253},
  volume = {27},
  year = {2005},
}

@article{tanner87da,
  title = {The calculation of posterior distributions by data augmentation},
  author = {M. A. Tanner and W. H. Wong},
  journal = {Journal of the American Statistical Association},
  pages = {528--540},
  volume = {82},
  year = {1987},
}

@article{liu98pxem,
  title = {Parameter expansion to accelerate {EM}: the {PX-EM} algorithm},
  author = {C. Liu and D. Rubin and Y. N. Wu},
  journal = {Biometrika},
  pages = {755--770},
  volume = {85},
  year = {1998},
}

@article{liu99pxda,
  title = {Parameter expansion for data augmentation},
  author = {J. Liu and Y. Wu},
  journal = {Journal of the American Statistical Association},
  pages = {1264--1274},
  volume = {94},
  year = {1999},
}

@techreport{pitman02process,
  number = {621},
  institution = {Department of Statistics, University of California at Berkeley},
  title = {Combinatorial Stochastic Processes},
  author = {J. Pitman},
  year = {2002},
}

@book{bertsekas99nlp,
  address = {Belmont, MA},
  title = {Nonlinear Programming},
  author = {D. Bertsekas},
  publisher = {Athena Scientific},
  year = {1999},
}

@techreport{mackay97hmm,
  institution = {University of Cambridge},
  title = {Ensemble Learning for Hidden {M}arkov Models},
  author = {D. MacKay},
  year = {1997},
}

@inproceedings{hermjakob01parsing,
  address = {Toulouse, France},
  title = {Parsing and Question Classification for Question Answering},
  author = {U. Hermjakob},
  pages = {1--6},
  booktitle = {Workshop on Open-domain question answering, ACL},
  year = {2001},
}

@article{gildea02semantic,
  title = {Automatic Labeling of Semantic Roles},
  author = {D. Gildea and D. Jurafsky},
  journal = {Computational Linguistics},
  pages = {245--288},
  volume = {28},
  year = {2002},
}

@inproceedings{galley04translation,
  address = {Boston, MA},
  title = {What's in a translation rule?},
  author = {M. Galley and M. Hopkins and K. Knight and D. Marcu},
  pages = {273--280},
  booktitle = {Human Language Technology and North American Association for Computational Linguistics (HLT/NAACL)},
  year = {2004},
}

@inproceedings{melamed04smt,
  address = {Barcelona, Spain},
  title = {Statistical Machine Translation by Parsing},
  author = {I. D. Melamed},
  publisher = {Association for Computational Linguistics},
  booktitle = {Association for Computational Linguistics (ACL)},
  year = {2004},
}

@article{chomsky56models,
  title = {Three models for the description of language},
  author = {N. Chomsky},
  journal = {IRE Transactions on Information Theory},
  pages = {113--124},
  volume = {2},
  year = {1956},
}

@book{manning99nlp,
  address = {Cambridge, MA},
  author = {C. Manning and H. Schütze},
  title = {Foundations of Statistical Natural Language Processing},
  publisher = {MIT Press},
  year = {1999},
}

@article{marcus93treebank,
  author = {M. P. Marcus and M. A. Marcinkiewicz and B. Santorini},
  title = {Building a large annotated corpus of {E}nglish: the {P}enn {T}reebank},
  journal = {Computational Linguistics},
  pages = {313--330},
  volume = {19},
  year = {1993},
}

@inproceedings{charniak96treebank,
  address = {Cambridge, MA},
  title = {Tree-bank Grammars},
  author = {E. Charniak},
  pages = {1031--1036},
  publisher = {MIT Press},
  booktitle = {Association for the Advancement of Artificial Intelligence (AAAI)},
  year = {1996},
}

@inproceedings{kurihara04varpcfg,
  address = {Japan},
  title = {An Application of the Variational {B}ayesian Approach to Probabilistic Context-Free Grammars},
  author = {K. Kurihara and T. Sato},
  booktitle = {International Joint Conference on Natural Language Processing Workshop Beyond Shallow Analyses},
  year = {2004},
}

@inproceedings{kurihara06varinduct,
  title = {Variational {B}ayesian Grammar Induction for Natural Language},
  author = {K. Kurihara and T. Sato},
  booktitle = {International Colloquium on Grammatical Inference},
  year = {2006},
}

@inproceedings{petrov06latent,
  title = {Learning Accurate, Compact, and Interpretable Tree Annotation},
  author = {S. Petrov and L. Barrett and R. Thibaux and D. Klein},
  pages = {433--440},
  publisher = {Association for Computational Linguistics},
  booktitle = {International Conference on Computational Linguistics and Association for Computational Linguistics (COLING/ACL)},
  year = {2006},
}

@inproceedings{stolcke94merge,
  address = {London, UK},
  title = {Inducing Probabilistic Grammars by {B}ayesian Model Merging},
  author = {A. Stolcke and S. Omohundro},
  pages = {106--118},
  publisher = {Springer-Verlag},
  booktitle = {International Colloquium on Grammatical Inference and Applications},
  year = {1994},
}

@inproceedings{wolff88syntax,
  address = {Hillsdale, NJ},
  title = {Learning syntax and meanings through optimization and distributional analysis},
  author = {J. G. Wolff},
  pages = {179--215},
  booktitle = {Categories and processes in language acquisition},
  year = {1988},
}

@phdthesis{collins99thesis,
  school = {University of Pennsylvania},
  title = {Head-Driven Statistical Models for Natural Language Parsing},
  author = {M. Collins},
  year = {1999},
}

@inproceedings{eisner96dependency,
  title = {Three New Probabilistic Models for Dependency Parsing: An Exploration},
  author = {J. Eisner},
  pages = {340--345},
  publisher = {Association for Computational Linguistics},
  booktitle = {International Conference on Computational Linguistics (COLING)},
  year = {1996},
}

@inproceedings{charniak00maxent,
  address = {Seattle, Washington},
  title = {A maximum-entropy-inspired parser},
  author = {E. Charniak},
  pages = {132--139},
  publisher = {Association for Computational Linguistics},
  booktitle = {Applied Natural Language Processing and North American Association for Computational Linguistics (ANLP/NAACL)},
  year = {2000},
}

@inproceedings{klein03unlexicalized,
  address = {Sapporo, Japan},
  title = {Accurate Unlexicalized Parsing},
  author = {D. Klein and C. Manning},
  pages = {423--430},
  publisher = {Association for Computational Linguistics},
  booktitle = {Association for Computational Linguistics (ACL)},
  year = {2003},
}

@article{johnson98parent,
  title = {{PCFG} Models of Linguistic Tree Representations},
  author = {M. Johnson},
  journal = {Computational Linguistics},
  pages = {613--632},
  volume = {24},
  year = {1998},
}

@inproceedings{matsuzaki05latent,
  address = {Ann Arbor, Michigan},
  title = {Probabilistic {CFG} with Latent Annotations},
  author = {T. Matsuzaki and Y. Miyao and J. Tsujii},
  pages = {75--82},
  publisher = {Association for Computational Linguistics},
  booktitle = {Association for Computational Linguistics (ACL)},
  year = {2005},
}

@inproceedings{johnson06adaptor,
  address = {Cambridge, MA},
  title = {Adaptor Grammars: A Framework for Specifying Compositional Nonparametric {B}ayesian Models},
  author = {M. Johnson and T. Griffiths and S. Goldwater},
  pages = {641--648},
  publisher = {MIT Press},
  booktitle = {Advances in Neural Information Processing Systems (NIPS)},
  year = {2006},
}

@inproceedings{blei04nested,
  address = {Cambridge, MA},
  title = {Hierarchical topic models and the nested {C}hinese restaurant process},
  author = {D. Blei and T. Griffiths and M. I. Jordan and J. Tenenbaum},
  publisher = {MIT Press},
  booktitle = {Advances in Neural Information Processing Systems (NIPS)},
  year = {2004},
}

@inproceedings{goldwater05interpolate,
  address = {Cambridge, MA},
  title = {Interpolating Between Types and Tokens by Estimating Power-Law Generators},
  author = {S. Goldwater and T. Griffiths and M. Johnson},
  publisher = {MIT Press},
  booktitle = {Advances in Neural Information Processing Systems (NIPS)},
  year = {2005},
}

@inproceedings{johnson07mcmc,
  address = {Rochester, New York},
  title = {{B}ayesian Inference for {PCFG}s via {M}arkov Chain {M}onte {C}arlo},
  author = {M. Johnson and T. Griffiths and S. Goldwater},
  pages = {139--146},
  booktitle = {Human Language Technology and North American Association for Computational Linguistics (HLT/NAACL)},
  year = {2007},
}

@inproceedings{haghighi07coref,
  address = {Prague, Czech Republic},
  title = {Unsupervised Coreference Resolution in a Nonparametric {B}ayesian Model},
  author = {A. Haghighi and D. Klein},
  publisher = {Association for Computational Linguistics},
  booktitle = {Association for Computational Linguistics (ACL)},
  year = {2007},
}

@inproceedings{daume06sum,
  title = {{B}ayesian Query-Focused Summarization},
  author = {H. Daume and D. Marcu},
  publisher = {Association for Computational Linguistics},
  booktitle = {International Conference on Computational Linguistics and Association for Computational Linguistics (COLING/ACL)},
  year = {2006},
}

@inproceedings{finkel07inftree,
  address = {Prague, Czech Republic},
  title = {The Infinite Tree},
  author = {J. R. Finkel and T. Grenager and C. Manning},
  pages = {272--279},
  publisher = {Association for Computational Linguistics},
  booktitle = {Association for Computational Linguistics (ACL)},
  year = {2007},
}

@inproceedings{petrov07split,
  address = {Rochester, New York},
  title = {Learning and Inference for Hierarchically Split {PCFG}s},
  author = {S. Petrov and D. Klein},
  pages = {404--411},
  booktitle = {Human Language Technology and North American Association for Computational Linguistics (HLT/NAACL)},
  year = {2007},
}

@inproceedings{petrov08log,
  address = {Cambridge, MA},
  title = {Discriminative Log-Linear Grammars with Latent Variables},
  author = {S. Petrov and D. Klein},
  publisher = {MIT Press},
  booktitle = {Advances in Neural Information Processing Systems (NIPS)},
  year = {2008},
}

@inproceedings{mcclosky06self,
  address = {Sydney, Australia},
  title = {Reranking and Self-Training for Parser Adaptation},
  author = {D. McClosky and E. Charniak and M. Johnson},
  publisher = {Association for Computational Linguistics},
  booktitle = {International Conference on Computational Linguistics and Association for Computational Linguistics (COLING/ACL)},
  year = {2006},
}

@article{lari90scfg,
  title = {The estimation of stochastic context-free grammars using the inside-outside algorithm},
  author = {K. Lari and S. J. Young},
  journal = {Computer Speech and Language},
  pages = {35--56},
  volume = {4},
  year = {1990},
}

@article{brown93mt,
  title = {The Mathematics of Statistical Machine Translation: Parameter Estimation},
  author = {P. F. Brown and S. A. D. Pietra and V. J. D. Pietra and R. L. Mercer},
  journal = {Computational Linguistics},
  pages = {263--311},
  volume = {19},
  year = {1993},
}

@inproceedings{neal93gem,
  title = {A new view of the {EM} algorithm that justifies incremental, sparse and other variants},
  author = {R. M. Neal and G. E. Hinton},
  pages = {355--368},
  booktitle = {Learning in Graphical Models},
  year = {1998},
}

@inproceedings{collins99unsupervised,
  title = {Unsupervised Models for Named Entity Classification},
  author = {M. Collins and Y. Singer},
  booktitle = {Empirical Methods in Natural Language Processing (EMNLP)},
  year = {1999},
}

@inproceedings{chen96smoothing,
  address = {Santa Cruz, California},
  title = {An Empirical Study of Smoothing Techniques for Language Modeling},
  author = {S. F. Chen and J. Goodman},
  publisher = {Association for Computational Linguistics},
  booktitle = {Association for Computational Linguistics (ACL)},
  year = {1996},
}

@inproceedings{ney96hmm,
  title = {{HMM}-Based Word Alignment in Statistical Translation},
  author = {H. Ney and S. Vogel},
  pages = {836--841},
  publisher = {Association for Computational Linguistics},
  booktitle = {International Conference on Computational Linguistics (COLING)},
  year = {1996},
}

@inproceedings{blum98cotraining,
  title = {Combining Labeled and Unlabeled Data with Co-training},
  author = {A. Blum and T. Mitchell},
  booktitle = {Computational Learning Theory},
  year = {1998},
}

@inproceedings{carroll92dependency,
  title = {Two Experiments on Learning Probabilistic Dependency Grammars from Corpora},
  author = {G. Carroll and E. Charniak},
  pages = {1--13},
  booktitle = {Workshop Notes for Statistically-Based NLP Techniques, AAAI},
  year = {1992},
}

@inproceedings{haghighi06induction,
  address = {Sydney, Australia},
  title = {Prototype-based Grammar Induction},
  author = {A. Haghighi and D. Klein},
  publisher = {Association for Computational Linguistics},
  booktitle = {International Conference on Computational Linguistics and Association for Computational Linguistics (COLING/ACL)},
  year = {2006},
}

@inproceedings{pereira92bracket,
  address = {Newark, Delaware},
  title = {Inside-outside reestimation from partially bracketed corpora},
  author = {F. Pereira and Y. Shabes},
  pages = {128--135},
  publisher = {Association for Computational Linguistics},
  booktitle = {Association for Computational Linguistics (ACL)},
  year = {1992},
}

@article{merialdo94tagging,
  title = {Tagging {E}nglish text with a probabilistic model},
  author = {B. Merialdo},
  journal = {Computational Linguistics},
  pages = {155--171},
  volume = {20},
  year = {1994},
}

@inproceedings{clark01induction,
  title = {Unsupervised induction of stochastic context free grammars with distributional clustering},
  author = {A. Clark},
  booktitle = {Computational Natural Language Learning (CoNLL)},
  year = {2001},
}

@inproceedings{paskin02bigrams,
  address = {Cambridge, MA},
  title = {Grammatical Bigrams},
  author = {M. A. Paskin},
  publisher = {MIT Press},
  booktitle = {Advances in Neural Information Processing Systems (NIPS)},
  year = {2002},
}

@inproceedings{klein04induction,
  address = {Barcelona, Spain},
  title = {Corpus-Based Induction of Syntactic Structure: Models of Dependency and Constituency},
  author = {D. Klein and C. D. Manning},
  pages = {478--485},
  publisher = {Association for Computational Linguistics},
  booktitle = {Association for Computational Linguistics (ACL)},
  year = {2004},
}

@inproceedings{smith05contrastive,
  address = {Ann Arbor, Michigan},
  title = {Contrastive Estimation: Training Log-Linear Models on Unlabeled Data},
  author = {N. Smith and J. Eisner},
  pages = {354--362},
  publisher = {Association for Computational Linguistics},
  booktitle = {Association for Computational Linguistics (ACL)},
  year = {2005},
}

@inproceedings{smith06anneal,
  address = {Sydney, Australia},
  title = {Annealing Structural Bias in Multilingual Weighted Grammar Induction},
  author = {N. Smith and J. Eisner},
  publisher = {Association for Computational Linguistics},
  booktitle = {International Conference on Computational Linguistics and Association for Computational Linguistics (COLING/ACL)},
  year = {2006},
}

@inproceedings{goldwater07pos,
  address = {Prague, Czech Republic},
  title = {A Fully {B}ayesian Approach to Unsupervised Part-of-Speech Tagging},
  author = {S. Goldwater and T. Griffiths},
  publisher = {Association for Computational Linguistics},
  booktitle = {Association for Computational Linguistics (ACL)},
  year = {2007},
}

@inproceedings{johnson08synergy,
  address = {Columbus, Ohio},
  title = {Using Adaptor Grammars to Identify Synergies in the Unsupervised Acquisition of Linguistic Structure},
  author = {M. Johnson},
  pages = {398--406},
  publisher = {Association for Computational Linguistics},
  booktitle = {Human Language Technology and Association for Computational Linguistics (HLT/ACL)},
  year = {2008},
}

@inproceedings{johnson07pos,
  title = {Why doesn't {EM} find good {HMM} {POS}-taggers?},
  author = {M. Johnson},
  booktitle = {Empirical Methods in Natural Language Processing and Computational Natural Language Learning (EMNLP/CoNLL)},
  year = {2007},
}

@article{goldwater09segmentation,
  title = {A {B}ayesian Framework for Word Segmentation: Exploring the Effects of Context},
  author = {S. Goldwater and T. Griffiths and M. Johnson},
  journal = {Cognition},
  pages = {21--54},
  volume = {112},
  year = {2009},
}

@inproceedings{johnson09segmentation,
  title = {Improving nonparameteric {B}ayesian inference: experiments on unsupervised word segmentation with adaptor grammars},
  author = {M. Johnson and S. Goldwater},
  pages = {317--325},
  publisher = {Association for Computational Linguistics},
  booktitle = {North American Association for Computational Linguistics (NAACL)},
  year = {2009},
}

@inproceedings{cohn09ptsg,
  title = {Inducing Compact but Accurate Tree-Substitution Grammars},
  author = {T. Cohn and S. Goldwater and P. Blunsom},
  pages = {548--556},
  publisher = {Association for Computational Linguistics},
  booktitle = {North American Association for Computational Linguistics (NAACL)},
  year = {2009},
}

@inproceedings{post09ptsg,
  address = {Singapore},
  title = {{B}ayesian learning of a tree substitution grammar},
  author = {M. Post and D. Gildea},
  publisher = {Association for Computational Linguistics},
  booktitle = {Association for Computational Linguistics and International Joint Conference on Natural Language Processing (ACL-IJCNLP)},
  year = {2009},
}

@inproceedings{gao08comparison,
  title = {A comparison of {B}ayesian estimators for unsupervised Hidden {M}arkov Model {POS} taggers},
  author = {J. Gao and M. Johnson},
  pages = {344--352},
  booktitle = {Empirical Methods in Natural Language Processing (EMNLP)},
  year = {2008},
}

@inproceedings{grenager05segmentation,
  address = {Ann Arbor, Michigan},
  title = {Unsupervised learning of field segmentation models for information extraction},
  author = {T. Grenager and D. Klein and C. D. Manning},
  pages = {371--378},
  publisher = {Association for Computational Linguistics},
  booktitle = {Association for Computational Linguistics (ACL)},
  year = {2005},
}

@article{dasgupta07em,
  title = {A Probabilistic Analysis of {EM} for Mixtures of Separated, Spherical {G}aussians},
  author = {S. Dasgupta and L. Schulman},
  journal = {Journal of Machine Learning Research},
  volume = {8},
  year = {2007},
}

@article{ron98pfa,
  title = {On the Learnability and Usage of Acyclic Probabilistic Finite Automata},
  author = {D. Ron and Y. Singer and N. Tishby},
  journal = {Journal of Computer and System Sciences},
  pages = {133--152},
  volume = {56},
  year = {1998},
}

@inproceedings{srebro06mixture,
  title = {An investigation of computational and informational limits in {G}aussian mixture clustering},
  author = {N. Srebro and G. Shakhnarovich and S. Roweis},
  pages = {865--872},
  publisher = {Omnipress},
  booktitle = {International Conference on Machine Learning (ICML)},
  year = {2006},
}

@inproceedings{feldman05product,
  title = {Learning mixtures of product distributions over discrete domains},
  author = {J. Feldman and R. O'Donnell and R. A. Servedio},
  pages = {501--510},
  booktitle = {Foundations of Computer Science (FOCS)},
  year = {2005},
}

@article{clark04fsa,
  title = {{PAC}-learnability of Probabilistic Deterministic Finite State Automata},
  author = {A. Clark and F. Thollard},
  journal = {Journal of Machine Learning Research},
  pages = {473--497},
  volume = {5},
  year = {2005},
}

@article{blackwell57identifiable,
  title = {On the Identifiability Problem for Functions of Finite {M}arkov Chains},
  author = {D. Blackwell and L. Koopmans},
  journal = {Annals of Mathematical Statistics},
  pages = {1011--1015},
  volume = {28},
  year = {1957},
}

@techreport{adriaans99shallow,
  institution = {Stanford University},
  title = {Learning Shallow Context-Free Languages under Simple Distributions},
  author = {P. W. Adriaans},
  year = {1999},
}

@article{kuhn55hungarian,
  title = {The {H}ungarian method for the assignment problem},
  author = {H. W. Kuhn},
  journal = {Naval Research Logistic Quarterly},
  pages = {83--97},
  volume = {2},
  year = {1955},
}

@phdthesis{ratnaparkhi98thesis,
  school = {University of Pennsylvania},
  title = {Maximum entropy models for natural language ambiguity resolution},
  author = {A. Ratnaparkhi},
  year = {1998},
}

@inproceedings{mccallum00memm,
  title = {Maximum Entropy {M}arkov Models for Information Extraction and Segmentation},
  author = {A. McCallum and D. Freitag and F. Pereira},
  publisher = {Omnipress},
  booktitle = {International Conference on Machine Learning (ICML)},
  year = {2000},
}

@inproceedings{lafferty01crf,
  title = {Conditional Random Fields: Probabilistic Models for Segmenting and Labeling Data},
  author = {J. Lafferty and A. McCallum and F. Pereira},
  pages = {282--289},
  publisher = {Omnipress},
  booktitle = {International Conference on Machine Learning (ICML)},
  year = {2001},
}

@inproceedings{kakade02objective,
  title = {An Alternate Objective Function for {M}arkovian Fields},
  author = {S. Kakade and Y. W. Teh and S. Roweis},
  publisher = {Omnipress},
  booktitle = {International Conference on Machine Learning (ICML)},
  year = {2002},
}

@inproceedings{klein02conditional,
  title = {Conditional structure versus conditional estimation in {NLP} models},
  author = {D. Klein and C. D. Manning},
  booktitle = {Empirical Methods in Natural Language Processing (EMNLP)},
  year = {2002},
}

@inproceedings{ng02compare,
  address = {Cambridge, MA},
  title = {On Discriminative vs. Generative classifiers: A comparison of logistic regression and naive {B}ayes},
  author = {A. Y. Ng and M. I. Jordan},
  publisher = {MIT Press},
  booktitle = {Advances in Neural Information Processing Systems (NIPS)},
  year = {2002},
}

@article{white82mis,
  title = {Maximum likelihood estimation of misspecified models},
  author = {H. White},
  journal = {Econometrica},
  volume = {50},
  year = {1982},
}

@article{godambe87quasi,
  title = {Quasi-likelihood and Optimal estimation},
  author = {V. P. Godambe and C. C. Heyde},
  journal = {International Statistical Review},
  pages = {231--244},
  volume = {55},
  year = {1987},
}

@inproceedings{pal06mcl,
  address = {Cambridge, MA},
  title = {Multi-Conditional Learning: Generative/Discriminative Training for Clustering and Classification},
  author = {A. McCallum and C. Pal and G. Druck and X. Wang},
  publisher = {MIT Press},
  booktitle = {Association for the Advancement of Artificial Intelligence (AAAI)},
  year = {2006},
}

@inproceedings{lasserre06hybrid,
  title = {Principled Hybrids of Generative and Discriminative Models},
  author = {J. A. Lasserre and C. M. Bishop and T. P. Minka},
  pages = {87--94},
  booktitle = {Computer Vision and Pattern Recognition (CVPR)},
  year = {2006},
}

@inproceedings{raina04hybrid,
  address = {Cambridge, MA},
  title = {Classification with hybrid generative/discriminative models},
  author = {R. Raina and Y. Shen and A. Ng and A. McCallum},
  publisher = {MIT Press},
  booktitle = {Advances in Neural Information Processing Systems (NIPS)},
  year = {2004},
}

@inproceedings{suzuki07hybrid,
  title = {Semi-Supervised Structured Output Learning based on a Hybrid Generative and Discriminative Approach},
  author = {J. Suzuki and A. Fujino and H. Isozaki},
  booktitle = {Empirical Methods in Natural Language Processing and Computational Natural Language Learning (EMNLP/CoNLL)},
  year = {2007},
}

@inproceedings{bouchard04tradeoff,
  title = {The Trade-Off Between Generative and Discriminative Classifiers},
  author = {G. Bouchard and B. Triggs},
  pages = {721--728},
  booktitle = {International Conference on Computational Statistics},
  year = {2004},
}

@book{vaart98asymptotic,
  address = {Cambridge, UK},
  title = {Asymptotic {S}tatistics},
  author = {A. W. van der Vaart},
  publisher = {Cambridge University Press},
  year = {1998},
}

@article{besag75pseudo,
  title = {The analysis of non-lattice data},
  author = {J. Besag},
  journal = {The Statistician},
  pages = {179--195},
  volume = {24},
  year = {1975},
}

@article{lindsay88composite,
  title = {Composite likelihood methods},
  author = {B. Lindsay},
  journal = {Contemporary Mathematics},
  pages = {221--239},
  volume = {80},
  year = {1988},
}

@inproceedings{sutton05piecewise,
  title = {Piecewise Training of Undirected Models},
  author = {C. Sutton and A. McCallum},
  booktitle = {Uncertainty in Artificial Intelligence (UAI)},
  year = {2005},
}

@inproceedings{sutton07pwpl,
  title = {Piecewise Pseudolikelihood for Efficient {CRF} Training},
  author = {C. Sutton and A. McCallum},
  publisher = {Omnipress},
  booktitle = {International Conference on Machine Learning (ICML)},
  year = {2007},
}

@article{cox04pseudo,
  title = {A note on pseudolikelihood constructed from marginal densities},
  author = {D. R. Cox and N. Reid},
  journal = {Biometrika},
  pages = {729--737},
  volume = {91},
  year = {2004},
}

@article{varin08composite,
  title = {On composite marginal likelihoods},
  author = {C. Varin},
  journal = {Advances in Statistical Analysis},
  pages = {1--28},
  volume = {92},
  year = {2008},
}

@article{wainwright06wrong,
  title = {Estimating the ``wrong'' graphical model: Benefits in the computation-limited setting},
  author = {M. Wainwright},
  journal = {Journal of Machine Learning Research},
  pages = {1829--1859},
  volume = {7},
  year = {2006},
}

@inproceedings{wainwright03trw,
  title = {Tree-reweighted belief propagation algorithms and approximate {ML} estimation by pseudo-moment matching},
  author = {M. Wainwright and T. Jaakkola and A. Willsky},
  booktitle = {Artificial Intelligence and Statistics (AISTATS)},
  year = {2003},
}

@article{hyvarinen06pseudolikelihood,
  title = {Consistency of pseudolikelihood estimation of fully visible Boltzmann machines},
  author = {A. Hyv\"arinen},
  journal = {Neural Computation},
  pages = {2283--2292},
  volume = {18},
  year = {2006},
}

@inproceedings{hinton99poe,
  title = {Products of Experts},
  author = {G. Hinton},
  booktitle = {International Conference on Artificial Neural Networks (ICANN)},
  year = {1999},
}

@book{robert04mc,
  address = {New York},
  title = {{M}onte {C}arlo Statistical Methods},
  author = {C. P. Robert and G. Casella},
  publisher = {Springer},
  year = {2004},
}

@techreport{wainwright03varinf,
  institution = {Department of Statistics, University of California at Berkeley},
  title = {Graphical models, exponential families, and variational inference},
  author = {M. Wainwright and M. I. Jordan},
  year = {2003},
}

@article{wainwright08varinf,
  author = {M. Wainwright and M. I. Jordan},
  title = {Graphical models, exponential families, and variational inference},
  journal = {Foundations and Trends in Machine Learning},
  pages = {1--307},
  volume = {1},
  year = {2008},
}

@article{siepel04phylohmm,
  title = {Combining phylogenetic and hidden {M}arkov models in biosequence analysis},
  author = {A. Siepel and D. Haussler},
  journal = {Journal of Computational Biology},
  pages = {413--428},
  volume = {11},
  year = {2004},
}

@article{felsenstein96phylohmm,
  title = {A hidden {M}arkov model approach to variation among sites in rate of evolution},
  author = {J. Felsenstein and G. A. Churchill},
  journal = {Molecular Biology and Evolution},
  pages = {93--104},
  volume = {13},
  year = {1996},
}

@article{jojic04phylohmm,
  title = {Efficient approximations for learning phylogenetic {HMM} models from data},
  author = {V. Jojic and N. Jojic and C. Meek and D. Geiger and A. Siepel and D. Haussler and D. Heckerman},
  journal = {Bioinformatics},
  pages = {161--168},
  volume = {20},
  year = {2004},
}

@inproceedings{geiger05structured,
  title = {Structured Variational Inference Procedures and their Realizations},
  author = {D. Geiger and C. Meek},
  booktitle = {Artificial Intelligence and Statistics (AISTATS)},
  year = {2005},
}

@inproceedings{shotton06textonboost,
  title = {TextonBoost: Joint Appearance, Shape and Context Modeling for Multi-Class Object Recognition and Segmentation},
  author = {J. Shotton and J. Winn and C. Rother and A. Criminisi},
  booktitle = {European Conference on Computer Vision},
  year = {2006},
}

@article{zhu06grammar,
  title = {A Stochastic Grammar of Images},
  author = {S. C. Zhu and D. Mumford},
  journal = {Foundations and Trends in Computer Graphics and Vision},
  pages = {259--362},
  volume = {2},
  year = {2006},
}

@article{sakakibara05grammar,
  title = {Grammatical Inference in Bioinformatics},
  author = {Y. Sakakibara},
  journal = {IEEE Transactions on Pattern Analysis and Machine Intelligence},
  pages = {1051--1062},
  volume = {27},
  year = {2005},
}

@inproceedings{denero08phrase,
  address = {Honolulu, HI},
  title = {Sampling Alignment Structure under a {B}ayesian Translation Model},
  author = {J. DeNero and A. Bouchard-C\^ot\'e and D. Klein},
  pages = {314--323},
  booktitle = {Empirical Methods in Natural Language Processing (EMNLP)},
  year = {2008},
}

@inproceedings{wallach08dependency,
  title = {{B}ayesian Modeling of Dependency Trees Using Hierarchical {P}itman-{Y}or Priors.},
  author = {H. Wallach and C. Sutton and A. McCallum},
  pages = {15--20},
  booktitle = {Workshop on Prior Knowledge for Text and Language},
  year = {2008},
}

@inproceedings{blunsom09synchronous,
  address = {Cambridge, MA},
  title = {{B}ayesian Synchronous Grammar Induction},
  author = {P. Blunsom and T. Cohn and M. Osborne},
  publisher = {MIT Press},
  booktitle = {Advances in Neural Information Processing Systems (NIPS)},
  year = {2009},
}

@article{wu97itg,
  title = {Stochastic inversion transduction grammars and bilingual parsing of parallel corpora},
  author = {D. Wu},
  journal = {Computational Linguistics},
  pages = {377--404},
  volume = {23},
  year = {1997},
}

@article{dyrka07pcfg,
  address = {Manchester, UK},
  title = {A probabilistic context-free grammar for the detection of binding sites from a protein sequence},
  author = {W. Dyrka and J. Nebel},
  journal = {Systems Biology, Bioinformatics and Synthetic Biology},
  pages = {78--79},
  volume = {1},
  year = {2007},
}

@inproceedings{saxena07scene,
  title = {Learning 3-{D} Scene Structure from a Single Still Image},
  author = {A. Saxena and M. Sun and A. Y. Ng},
  booktitle = {International Conference on Computer Vision (ICCV)},
  year = {2007},
}

@inproceedings{delage06dbn,
  title = {A dynamic {B}ayesian network model for autonomous 3d reconstruction},
  author = {E. Delage and H. Lee and A. Y. Ng},
  booktitle = {Computer Vision and Pattern Recognition (CVPR)},
  year = {2006},
}

@inproceedings{hoiem05geometric,
  title = {Geometric Context from a Single Image},
  author = {D. Hoiem and A. A. Efros and M. Herbert},
  booktitle = {International Conference on Computer Vision (ICCV)},
  year = {2005},
}

@inproceedings{hoiem07occlusion,
  title = {Recovering Occlusion Boundaries from a Single Image},
  author = {D. Hoiem and A. N. Stein and A. A. Efros and M. Herbert},
  booktitle = {International Conference on Computer Vision (ICCV)},
  year = {2007},
}

@inproceedings{leung96repeat,
  title = {Detecting, Localizing and Grouping Repeated Scene Elements from an Image},
  author = {T. Leung and J. Malik},
  booktitle = {European Conference on Computer Vision},
  year = {1996},
}

@inproceedings{ren06figure,
  title = {Figure/Ground Assignment in Natural Images},
  author = {X. Ren and C. C. Fowlkes and J. Malik},
  booktitle = {European Conference on Computer Vision},
  year = {2006},
}

@book{pollard84convergence,
  title = {Convergence of Stochastic Processes},
  author = {D. Pollard},
  publisher = {Springer-Verlag},
  year = {1984},
}

@article{zhang02covering,
  title = {Covering number bounds of certain regularized linear function classes},
  author = {T. Zhang},
  journal = {Journal of Machine Learning Research},
  pages = {527--550},
  volume = {2},
  year = {2002},
}

@inproceedings{collins01theory,
  title = {Parameter Estimation for Statistical Parsing Models: Theory and Practice of Distribution-Free Methods},
  author = {M. Collins},
  booktitle = {International Workshop on Parsing Technologies},
  year = {2001},
}

@article{csiszar04info,
  title = {Information Theory and Statistics: A Tutorial},
  author = {I. Csisz\'ar and P. Shields},
  journal = {Foundations and Trends in Communications and Information Theory},
  pages = {417--528},
  volume = {1},
  year = {2004},
}

@inproceedings{bartlett01rademacher,
  title = {{R}ademacher and {G}aussian complexities: Risk bounds and structural results},
  author = {P. L. Bartlett and S. Mendelson},
  pages = {224--240},
  booktitle = {Computational Learning Theory},
  year = {2001},
}

@book{shawetaylor04kernel,
  title = {Kernel Methods for Pattern Analysis},
  author = {J. Shawe-Taylor and N. Cristianini},
  publisher = {Cambridge University Press},
  year = {2004},
}

@inproceedings{crammar07multiple,
  address = {Cambridge, MA},
  title = {Learning from Multiple Sources},
  author = {K. Crammar and M. Kearns and J. Wortman},
  publisher = {MIT Press},
  booktitle = {Advances in Neural Information Processing Systems (NIPS)},
  year = {2007},
}

@inproceedings{punyakanok05constrained,
  title = {Learning and Inference over Constrained Output},
  author = {V. Punyakanok and D. Roth and W. Yih and D. Zimak},
  booktitle = {International Joint Conference on Artificial Intelligence (IJCAI)},
  year = {2005},
}

@inproceedings{bucila06compress,
  title = {Model Compression},
  author = {C. Bucil\u{a} and R. Caruana and A. Niculescu-Mizil},
  booktitle = {International Conference on Knowledge Discovery and Data Mining (KDD)},
  year = {2006},
}

@phdthesis{craven96trepan,
  school = {University of Wisconsin at Madison},
  title = {Extracting comprehensible models from trained neural networks},
  author = {M. W. Craven},
  year = {1996},
}

@book{krishnamurthi06pl,
  title = {Programming Languages: Application and Interpretation},
  author = {S. Krishnamurthi},
  publisher = {Creative Commons},
  year = {2006},
}

@article{wand87simple,
  title = {A Simple Algorithm and Proof for Type Inference},
  author = {M. Wand},
  journal = {Fundamenta Informaticae},
  pages = {115--122},
  volume = {10},
  year = {1987},
}

@inproceedings{kothari08polylet,
  author = {S. Kothari and J. L. Caldwell},
  title = {On Extending {W}and's Type Reconstruction Algorithm to Handle Polymorphic Let},
  booktitle = {Fourth Conference on Computability},
  year = {2008},
}

@techreport{kothari07survey,
  institution = {University of Wyoming},
  author = {S. Kothari},
  title = {Type Reconstruction Algorithms - A Survey},
  year = {2007},
}

@techreport{pottier05modern,
  institution = {INRIA},
  author = {F. Pottier},
  title = {A Modern Eye on {ML} Type Inference: Old Techniques and Recent Developments},
  year = {2005},
}

@article{collins08exponentiated,
  title = {Exponentiated Gradient Algorithms for Conditional Random Fields and Max-Margin {M}arkov Networks},
  author = {M. Collins and A. Globerson and T. Koo and X. Carreras and P. Bartlett},
  journal = {Journal of Machine Learning Research},
  volume = {9},
  year = {2008},
}

@inproceedings{finkel08crf,
  address = {Columbus, Ohio},
  title = {Efficient, Feature-based, Conditional Random Field Parsing},
  author = {J. R. Finkel and A. Kleeman and C. Manning},
  publisher = {Association for Computational Linguistics},
  booktitle = {Human Language Technology and Association for Computational Linguistics (HLT/ACL)},
  year = {2008},
}

@inproceedings{neal98incremental,
  author = {R. Neal and G. Hinton},
  title = {A view of the {EM} algorithm that justifies incremental, sparse, and other variants},
  booktitle = {Learning in Graphical Models},
  year = {1998},
}

@article{cappe08online,
  author = {O. Capp\'e and E. Moulines},
  title = {Online Expectation-Maximization Algorithm for Latent Data Models},
  journal = {Journal of the Royal Statistics Society: Series B (Statistical Methodology)},
  pages = {593--613},
  volume = {71},
  year = {2009},
}

@inproceedings{collins02perceptron,
  author = {M. Collins},
  title = {Discriminative Training Methods for Hidden {M}arkov Models: Theory and Experiments with {P}erceptron Algorithms},
  booktitle = {Empirical Methods in Natural Language Processing (EMNLP)},
  year = {2002},
}

@article{och03systematic,
  title = {A Systematic Comparison of Various Statistical Alignment Models},
  author = {F. J. Och and H. Ney},
  journal = {Computational Linguistics},
  pages = {19--51},
  volume = {29},
  year = {2003},
}

@article{sato00online,
  author = {M. Sato and S. Ishii},
  title = {On-line {EM} Algorithm for the Normalized {G}aussian Network},
  journal = {Neural Computation},
  pages = {407--432},
  volume = {12},
  year = {2000},
}

@inproceedings{mcdonald05online,
  address = {Ann Arbor, Michigan},
  author = {R. McDonald and K. Crammer and F. Pereira},
  title = {Online Large-Margin Training of Dependency Parsers},
  publisher = {Association for Computational Linguistics},
  booktitle = {Association for Computational Linguistics (ACL)},
  year = {2005},
}

@inproceedings{bottou08large,
  address = {Cambridge, MA},
  title = {The Tradeoffs of Large Scale Learning},
  author = {L. Bottou and O. Bousquet},
  publisher = {MIT Press},
  booktitle = {Advances in Neural Information Processing Systems (NIPS)},
  year = {2008},
}

@inproceedings{shalev08inverse,
  title = {{SVM} Optimization: Inverse Dependence on Training Set Size},
  author = {S. Shalev-Shwartz and N. Srebro},
  publisher = {Omnipress},
  booktitle = {International Conference on Machine Learning (ICML)},
  year = {2008},
}

@inproceedings{seginer07fast,
  address = {Prague, Czech Republic},
  title = {Fast Unsupervised Incremental Parsing},
  author = {Y. Seginer},
  publisher = {Association for Computational Linguistics},
  booktitle = {Association for Computational Linguistics (ACL)},
  year = {2007},
}

@inproceedings{yarowsky95unsupervised,
  title = {Unsupervised word sense disambiguation rivaling supervised methods},
  author = {D. Yarowsky},
  publisher = {Association for Computational Linguistics},
  booktitle = {Association for Computational Linguistics (ACL)},
  year = {1995},
}

@inproceedings{salakhutdinov03ecg,
  title = {Optimization with {EM} and expectation-conjugate-gradient},
  author = {R. Salakhutdinov and S. Roweis and Z. Ghahramani},
  publisher = {Omnipress},
  booktitle = {International Conference on Machine Learning (ICML)},
  year = {2003},
}

@inproceedings{gildea99topic,
  title = {Topic-based language models using {EM}},
  author = {D. Gildea and T. Hofmann},
  booktitle = {Eurospeech},
  year = {1999},
}

@inproceedings{kuo08transliterations,
  title = {Mining Transliterations from Web Query Results: An Incremental Approach},
  author = {J. Kuo and H. Li and C. Lin},
  booktitle = {Sixth SIGHAN Workshop on Chinese Language Processing},
  year = {2008},
}

@article{venkataraman01word,
  title = {A statistical model for word discovery in transcribed speech},
  author = {A. Venkataraman},
  journal = {Computational Linguistics},
  pages = {351--372},
  volume = {27},
  year = {2001},
}

@inproceedings{quadrianto08labels,
  author = {N. Quadrianto and A. J. Smola and T. S. Caetano and Q. V. Le},
  title = {Estimating labels from label proportions},
  pages = {776--783},
  publisher = {Omnipress},
  booktitle = {International Conference on Machine Learning (ICML)},
  year = {2008},
}

@inproceedings{ganchev08multi,
  author = {K. Ganchev and J. Graça and J. Blitzer and B. Taskar},
  title = {Multi-View Learning over Structured and Non-Identical Outputs},
  booktitle = {Uncertainty in Artificial Intelligence (UAI)},
  year = {2008},
}

@inproceedings{graca08em,
  address = {Cambridge, MA},
  author = {J. Graça and K. Ganchev and B. Taskar},
  title = {Expectation Maximization and Posterior Constraints},
  pages = {569--576},
  publisher = {MIT Press},
  booktitle = {Advances in Neural Information Processing Systems (NIPS)},
  year = {2008},
}

@inproceedings{druck08ge,
  author = {G. Druck and G. Mann and A. McCallum},
  title = {Learning from Labeled Features using Generalized Expectation Criteria},
  pages = {595--602},
  booktitle = {ACM Special Interest Group on Information Retreival (SIGIR)},
  year = {2008},
}

@inproceedings{mann07expectation,
  author = {G. Mann and A. McCallum},
  title = {Simple, Robust, Scalable Semi-supervised Learning via Expectation Regularization},
  pages = {593--600},
  publisher = {Omnipress},
  booktitle = {International Conference on Machine Learning (ICML)},
  year = {2007},
}

@inproceedings{mann08ge,
  address = {Columbus, Ohio},
  author = {G. Mann and A. McCallum},
  title = {Generalized Expectation Criteria for Semi-Supervised Learning of Conditional Random Fields},
  pages = {870--878},
  publisher = {Association for Computational Linguistics},
  booktitle = {Human Language Technology and Association for Computational Linguistics (HLT/ACL)},
  year = {2008},
}

@inproceedings{chang07constraint,
  address = {Prague, Czech Republic},
  author = {M. Chang and L. Ratinov and D. Roth},
  title = {Guiding Semi-Supervision with Constraint-Driven Learning},
  pages = {280--287},
  publisher = {Association for Computational Linguistics},
  booktitle = {Association for Computational Linguistics (ACL)},
  year = {2007},
}

@inproceedings{haghighi06prototype,
  address = {New York City},
  author = {A. Haghighi and D. Klein},
  title = {Prototype-Driven Learning for Sequence Models},
  pages = {320--327},
  publisher = {Association for Computational Linguistics},
  booktitle = {North American Association for Computational Linguistics (NAACL)},
  year = {2006},
}

@inproceedings{zaidan08annotator,
  address = {Honolulu, HI},
  author = {O. F. Zaidan and J. Eisner},
  title = {Modeling Annotators: A Generative Approach to Learning from Annotator Rationales},
  booktitle = {Empirical Methods in Natural Language Processing (EMNLP)},
  year = {2008},
}

@inproceedings{zaidan07annotator,
  address = {Rochester, New York},
  author = {O. F. Zaidan and J. Eisner and C. D. Piatko},
  title = {Using "Annotator Rationales" to Improve Machine Learning for Text Categorization},
  booktitle = {Human Language Technology and North American Association for Computational Linguistics (HLT/NAACL)},
  year = {2007},
}

@inproceedings{moore04improving,
  address = {Barcelona, Spain},
  title = {Improving {IBM} Word Alignment Model 1},
  author = {R. C. Moore},
  pages = {518--525},
  publisher = {Association for Computational Linguistics},
  booktitle = {Association for Computational Linguistics (ACL)},
  year = {2004},
}

@inproceedings{daume04alignment,
  title = {Phrase-Based {HMM} Approach to Document/Abstract Alignment},
  author = {H. Daume and D. Marcu},
  booktitle = {Empirical Methods in Natural Language Processing (EMNLP)},
  year = {2004},
}

@inproceedings{barzilay05content,
  address = {Vancouver, B.C.},
  title = {Collective Content Selection for Concept-To-Text Generation},
  author = {R. Barzilay and M. Lapata},
  pages = {331--338},
  booktitle = {Human Language Technology and Empirical Methods in Natural Language Processing (HLT/EMNLP)},
  year = {2005},
}

@inproceedings{snyder07database,
  address = {Hyderabad, India},
  author = {B. Snyder and R. Barzilay},
  title = {Database-Text Alignment via Structured Multilabel Classification},
  pages = {1713--1718},
  booktitle = {International Joint Conference on Artificial Intelligence (IJCAI)},
  year = {2007},
}

@inproceedings{zettlemoyer05ccg,
  author = {L. S. Zettlemoyer and M. Collins},
  title = {Learning to Map Sentences to Logical Form: Structured Classification with Probabilistic Categorial Grammars},
  pages = {658--666},
  booktitle = {Uncertainty in Artificial Intelligence (UAI)},
  year = {2005},
}

@inproceedings{zettlemoyer07relaxed,
  title = {Online Learning of Relaxed {CCG} Grammars for Parsing to Logical Form},
  author = {L. S. Zettlemoyer and M. Collins},
  pages = {678--687},
  booktitle = {Empirical Methods in Natural Language Processing and Computational Natural Language Learning (EMNLP/CoNLL)},
  year = {2007},
}

@inproceedings{lu08generative,
  title = {A Generative Model for Parsing Natural Language to Meaning Representations},
  author = {W. Lu and H. T. Ng and W. S. Lee and L. S. Zettlemoyer},
  pages = {783--792},
  booktitle = {Empirical Methods in Natural Language Processing (EMNLP)},
  year = {2008},
}

@inproceedings{ge05scissor,
  address = {Ann Arbor, Michigan},
  author = {R. Ge and R. J. Mooney},
  title = {A Statistical Semantic Parser that Integrates Syntax and Semantics},
  pages = {9--16},
  booktitle = {Computational Natural Language Learning (CoNLL)},
  year = {2005},
}

@inproceedings{wong07synchronous,
  address = {Prague, Czech Republic},
  author = {Y. W. Wong and R. J. Mooney},
  title = {Learning Synchronous Grammars for Semantic Parsing with Lambda Calculus},
  pages = {960--967},
  publisher = {Association for Computational Linguistics},
  booktitle = {Association for Computational Linguistics (ACL)},
  year = {2007},
}

@inproceedings{kate07krisper,
  address = {Cambridge, MA},
  title = {Learning Language Semantics from Ambiguous Supervision},
  author = {R. J. Kate and R. J. Mooney},
  pages = {895--900},
  publisher = {MIT Press},
  booktitle = {Association for the Advancement of Artificial Intelligence (AAAI)},
  year = {2007},
}

@inproceedings{chen08sportscast,
  author = {D. L. Chen and R. J. Mooney},
  title = {Learning to Sportscast: A Test of Grounded Language Acquisition},
  pages = {128--135},
  publisher = {Omnipress},
  booktitle = {International Conference on Machine Learning (ICML)},
  year = {2008},
}

@article{feldman04embodied,
  title = {Embodied Meaning in a Neural Theory of Language},
  author = {J. Feldman and S. Narayanan},
  journal = {Brain and Language},
  pages = {385--392},
  volume = {89},
  year = {2004},
}

@inproceedings{branavan08annotation,
  title = {Learning Document-Level Semantic Properties from Free-text Annotations},
  author = {S. Branavan and H. Chen and J. Eisenstein and R. Barzilay},
  publisher = {Association for Computational Linguistics},
  booktitle = {Association for Computational Linguistics (ACL)},
  year = {2008},
}

@article{barzilay08coherence,
  title = {Modeling Local Coherence: An Entity-based Approach},
  author = {R. Barzilay and M. Lapata},
  journal = {Computational Linguistics},
  pages = {1--34},
  volume = {34},
  year = {2008},
}

@inproceedings{eisenstein08topic,
  title = {{B}ayesian Unsupervised Topic Segmentation},
  author = {J. Eisenstein and R. Barzilay},
  pages = {334--343},
  booktitle = {Empirical Methods in Natural Language Processing (EMNLP)},
  year = {2008},
}

@inproceedings{barzilay06aggregation,
  address = {New York City},
  title = {Aggregation via Set Partitioning for Natural Language Generation},
  author = {R. Barzilay and M. Lapata},
  publisher = {Association for Computational Linguistics},
  booktitle = {North American Association for Computational Linguistics (NAACL)},
  year = {2006},
}

@inproceedings{barzilay04content,
  title = {Catching the Drift: Probabilistic Content Models, with Applications to Generation and Summarization},
  author = {R. Barzilay and L. Lee},
  booktitle = {Human Language Technology and North American Association for Computational Linguistics (HLT/NAACL)},
  year = {2004},
}

@article{siskind96cross,
  title = {A computational study of cross-situational techniques for learning word-to-meaning mappings},
  author = {J. M. Siskind},
  journal = {Cognition},
  pages = {1--38},
  volume = {61},
  year = {1996},
}

@article{gorniak07situated,
  author = {P. Gorniak and D. Roy},
  title = {Situated Language Understanding as Filtering Perceived Affordances},
  journal = {Cognitive Science},
  pages = {197--231},
  volume = {31},
  year = {2007},
}

@inproceedings{yu04grounding,
  address = {Cambridge, MA},
  author = {C. Yu and D. H. Ballard},
  title = {On the integration of grounding language and learning objects},
  pages = {488--493},
  publisher = {MIT Press},
  booktitle = {Association for the Advancement of Artificial Intelligence (AAAI)},
  year = {2004},
}

@inproceedings{grenager06verb,
  title = {Unsupervised discovery of a statistical verb lexicon},
  author = {T. Grenager and C. D. Manning},
  booktitle = {Empirical Methods in Natural Language Processing (EMNLP)},
  year = {2006},
}

@inproceedings{poon09semantic,
  address = {Singapore},
  title = {Unsupervised Semantic Parsing},
  author = {H. Poon and P. Domingos},
  booktitle = {Empirical Methods in Natural Language Processing (EMNLP)},
  year = {2009},
}

@inproceedings{zettlemoyer09context,
  address = {Singapore},
  title = {Learning Context-dependent Mappings from Sentences to Logical Form},
  author = {L. S. Zettlemoyer and M. Collins},
  publisher = {Association for Computational Linguistics},
  booktitle = {Association for Computational Linguistics and International Joint Conference on Natural Language Processing (ACL-IJCNLP)},
  year = {2009},
}

@inproceedings{branavan09reinforcement,
  address = {Singapore},
  title = {Reinforcement Learning for Mapping Instructions to Actions},
  author = {S. Branavan and H. Chen and L. S. Zettlemoyer and R. Barzilay},
  publisher = {Association for Computational Linguistics},
  booktitle = {Association for Computational Linguistics and International Joint Conference on Natural Language Processing (ACL-IJCNLP)},
  year = {2009},
}

@article{yu07unified,
  number = {13},
  title = {A Unified Model of Early Word Learning: Integrating Statistical and Social Cues},
  author = {C. Yu and D. H. Ballard},
  journal = {Neurocomputing},
  pages = {2149--2165},
  volume = {70},
  year = {2007},
}

@article{frank09intentions,
  number = {5},
  title = {Using Speakers' Referential Intentions to Model Early Cross-Situational Word Learning},
  author = {M. C. Frank and N. D. Goodman and J. B. Tenenbaum},
  journal = {Psychological Science},
  pages = {578--585},
  volume = {20},
  year = {2009},
}

@article{chaloner95bayesian,
  author = {K. Chaloner and I. Verdinelli},
  title = {{B}ayesian Experimental Design: A Review},
  journal = {Statistical Science},
  pages = {273--304},
  volume = {10},
  year = {1995},
}

@inproceedings{seeger08cs,
  author = {M. Seeger and H. Nickisch},
  title = {Compressed Sensing and {B}ayesian Experimental Design},
  pages = {912--919},
  publisher = {Omnipress},
  booktitle = {International Conference on Machine Learning (ICML)},
  year = {2008},
}

@article{nemirovski02saddle,
  author = {A. Nemirovski and R. Y. Rubinstein},
  title = {An Efficient Stochastic Approximation Algorithm for Stochastic Saddle Point Problems},
  journal = {International Series in Operations Research and Management Science},
  pages = {155--184},
  volume = {46},
  year = {2002},
}

@phdthesis{schein05active,
  school = {Carnegie Mellon University},
  title = {Active Learning for Logistic Regression},
  author = {A. I. Schein},
  year = {2005},
}

@inproceedings{jaakkola97logistic,
  author = {T. Jaakkola and M. I. Jordan},
  title = {A variational approach to {B}ayesian logistic regression models and their extensions},
  booktitle = {Artificial Intelligence and Statistics (AISTATS)},
  year = {1997},
}

@article{dudik07maxent,
  author = {M. Dudík and S. J. Phillips and R. E. Schapire},
  title = {Maximum Entropy Density Estimation},
  journal = {Journal of Machine Learning Research},
  pages = {1217--1260},
  volume = {8},
  year = {2007},
}

@book{borwein05variational,
  address = {New York},
  author = {J. M. Borwein and Q. J. Zhu},
  title = {Techniques of Variational Analysis},
  publisher = {Springer},
  year = {2005},
}

@inproceedings{roy01active,
  title = {Toward Optimal Active Learning through Sampling Estimation of Error Reduction},
  author = {N. Roy and A. McCallum},
  pages = {441--448},
  publisher = {Omnipress},
  booktitle = {International Conference on Machine Learning (ICML)},
  year = {2001},
}

@article{brown92class,
  title = {Class-Based n-gram Models of Natural Language},
  author = {P. F. Brown and V. J. D. Pietra and P. V. deSouza and J. C. Lai and R. L. Mercer},
  journal = {Computational Linguistics},
  pages = {467--479},
  volume = {18},
  year = {1992},
}

@inproceedings{grandvalet05entropy,
  address = {United Kingdom},
  author = {Y. Grandvalet and Y. Bengio},
  title = {Entropy Regularization},
  booktitle = {Semi-Supervised Learning},
  publisher = {Springer},
  year = {2005},
}

@inproceedings{stein61quadratic,
  author = {W. James and C. Stein},
  title = {Estimation with Quadratic Loss},
  publisher = {California Press},
  pages = {361--380},
  booktitle = {Fourth Berkeley Symposium in Mathematics, Statistics, and Probability},
  year = {1961},
}

@inproceedings{bouchard07tradeoff,
  author = {G. Bouchard},
  title = {Bias-Variance Tradeoff in Hybrid Generative-Discriminative Models},
  pages = {124--129},
  booktitle = {Sixth International Conference on Machine Learning and Applications (ICMLA)},
  year = {2007},
}

@article{akaike74aic,
  title = {A new look at the statistical model identification},
  author = {H. Akaike},
  journal = {IEEE Transactions on Automatic Control},
  pages = {716--723},
  volume = {19},
  year = {1974},
}

@article{bakker03task,
  title = {Task clustering and gating for {B}ayesian multitask learning},
  author = {B. Bakker and T. Heskes},
  journal = {Journal of Machine Learning Research},
  pages = {83--99},
  volume = {4},
  year = {2003},
}

@article{evgeniou05task,
  title = {Learning multiple tasks with kernel methods},
  author = {T. Evgeniou and C. Micchelli and M. Pontil},
  journal = {Journal of Machine Learning Research},
  pages = {615--637},
  volume = {6},
  year = {2005},
}

@inproceedings{argyriou07feature,
  address = {Cambridge, MA},
  title = {Multi-task feature learning},
  author = {A. Argyriou and T. Evgeniou and M. Pontil},
  pages = {41--48},
  publisher = {MIT Press},
  booktitle = {Advances in Neural Information Processing Systems (NIPS)},
  year = {2007},
}

@inproceedings{jacob09cluster,
  address = {Cambridge, MA},
  title = {Clustered Multi-Task Learning: A Convex Formulation},
  author = {L. Jacob and F. Bach and J. Vert},
  pages = {745--752},
  publisher = {MIT Press},
  booktitle = {Advances in Neural Information Processing Systems (NIPS)},
  year = {2009},
}

@article{bickel06regularization,
  title = {Regularization in Statistics},
  author = {P. Bickel and B. Li},
  journal = {Sociedad de Estadística e Investigación Operativa Test},
  pages = {271--344},
  volume = {15},
  year = {2006},
}

@article{bernardo79reference,
  title = {Reference posterior distributions for {B}ayesian inference},
  author = {J. M. Bernardo},
  journal = {Journal of the Royal Statistics Society: Series B (Statistical Methodology)},
  pages = {113--147},
  volume = {41},
  year = {1979},
}

@article{peters06bindingprediction,
  title = {A community resource benchmarking predictions of peptide binding to {MHC-I} molecules},
  author = {B. Peters and H. Bui and S. Frankild and M. Nielson and C. Lundegaard and E. Kostem and D. Basch and K. Lamberth and M. Harndahl and W. Fleri and S. S. Wilson and J. Sidney and O. Lund and S. Buus and A. Sette},
  journal = {PLoS Compututational Biology},
  volume = {2},
  year = {2006},
}

@article{craven78gcv,
  number = {4},
  title = {Smoothing noisy data with spline functions. Estimating the correct degree of smoothing by the method of generalized cross-validation},
  author = {P. Craven and G. Wahba},
  journal = {Numerische Mathematik},
  pages = {377--403},
  volume = {31},
  year = {1978},
}

@article{eldar09sure,
  number = {2},
  title = {Generalized {SURE} for Exponential Families: Applications to Regularization},
  author = {Y. C. Eldar},
  journal = {IEEE Transactions on Signal Processing},
  pages = {471--481},
  volume = {57},
  year = {2009},
}

@article{stein81sure,
  number = {6},
  title = {Estimation of the mean of a multivariate normal distribution},
  author = {C. M. Stein},
  journal = {Annals of Statistics},
  pages = {1135--1151},
  volume = {9},
  year = {1981},
}

@article{bartlett05local,
  number = {4},
  title = {Local {R}ademacher complexities},
  author = {P. L. Bartlett and O. Bousquet and S. Mendelson},
  journal = {Annals of Statistics},
  pages = {1497--1537},
  volume = {33},
  year = {2005},
}

@article{bousquet02stability,
  title = {Stability and Generalization},
  author = {O. Bousquet and A. Elisseeff},
  journal = {Journal of Machine Learning Research},
  pages = {499--526},
  volume = {2},
  year = {2002},
}

@book{cesabianchi06prediction,
  address = {Cambridge, UK},
  title = {Prediction, learning, and games},
  author = {N. Cesa-Bianchi and G. Lugosi},
  publisher = {Cambridge University Press},
  year = {2006},
}

@article{bartlett53approximate,
  title = {Approximate confidence intervals. {II}. {M}ore than one unknown parameter},
  author = {M. S. Bartlett},
  journal = {Biometrika},
  pages = {306--317},
  volume = {40},
  year = {1953},
}

@article{levit85second,
  title = {Second-order asymptotic optimality and positive solutions of the Schrödinger equation},
  author = {B. Y. Levit},
  journal = {Theory of Probability and its Applications},
  pages = {333--363},
  volume = {30},
  year = {1985},
}

@article{berkhin80second,
  title = {Second-order asymptotically minimax estimates for the mean of a normal population},
  author = {P. E. Berkhin and B. Y. Levit},
  journal = {Problemy Peredachi Informatsii},
  pages = {60--79},
  volume = {16},
  year = {1980},
}

@article{dalalyan06second,
  number = {1},
  title = {Penalized maximum likelihood and semiparametric second-order efficiency},
  author = {A. S. Dalalyan and G. K. Golubev and A. B. Tsybakov},
  journal = {Annals of Statistics},
  pages = {169--201},
  volume = {34},
  year = {2006},
}

@incollection{shibata89model,
  address = {New York},
  title = {Statistical Aspects of Model Selection},
  author = {R. Shibata},
  pages = {215--240},
  publisher = {Springer-Verlag},
  booktitle = {From Data to Model},
  year = {1989},
}

@article{murata94neural,
  number = {6},
  title = {Network Information Criterion---Determining the Number of Hidden Units for an Artificial Neural Network Model},
  author = {N. Murata and S. Yoshizawa and S. Amari},
  journal = {IEEE Transactions on Neural Networks},
  pages = {865--872},
  volume = {5},
  year = {1994},
}

@article{konishi96gic,
  number = {4},
  title = {Generalized Information Criteria in Model Selection},
  author = {S. Konishi and G. Kitagawa},
  journal = {Biometrika},
  pages = {875--890},
  volume = {83},
  year = {1996},
}

@article{ishiguro97bootstrapping,
  title = {Bootstrapping Log Likelihood and {EIC}, an Extension of {AIC}},
  author = {M. Ishiguro and Y. Sakamoto and G. Kitagawa},
  journal = {Annals of the Institute of Statistical Mathematics},
  pages = {411--434},
  volume = {49},
  year = {1997},
}

@inproceedings{sahavechaphan06xsnippet,
  title = {XSnippet: Mining For Sample Code},
  author = {N. Sahavechaphan and K. Claypool},
  volume = {41},
  booktitle = {Object-Oriented Programming, Systems, Languages, and Applications (OOPSLA)},
  year = {2006},
}

@inproceedings{jiang07deckard,
  address = {Washington, DC},
  author = {L. Jiang and G. Misherghi and Z. Su and S. Glondu},
  title = {{DECKARD}: Scalable and Accurate Tree-Based Detection of Code Clones},
  publisher = {IEEE Computer Society},
  pages = {96--105},
  booktitle = {International Conference on Software Engineering (ICSE)},
  year = {2007},
}

@inproceedings{lu09generation,
  author = {W. Lu and H. T. Ng and W. S. Lee},
  title = {Natural Language Generation with Tree Conditional Random Fields},
  pages = {400--409},
  booktitle = {Empirical Methods in Natural Language Processing (EMNLP)},
  year = {2009},
}

@article{ratnaparkhi02surface,
  author = {A. Ratnaparkhi},
  title = {Trainable approaches to surface natural language generation and their application to conversational dialog systems},
  journal = {Computer, Speech \& Language},
  pages = {435--455},
  volume = {16},
  year = {2002},
}

@inproceedings{mellish00dependencies,
  address = {Seattle, Washington},
  author = {C. Mellish and R. Evans and L. Cahill and C. Doran and D. Paiva and M. Reape and D. Scott and N. Tipper},
  title = {A Representation for Complex and Evolving Data Dependencies in Generation},
  pages = {119--126},
  publisher = {Association for Computational Linguistics},
  booktitle = {Applied Natural Language Processing and North American Association for Computational Linguistics (ANLP/NAACL)},
  year = {2000},
}

@inproceedings{koller02generation,
  title = {Generation as Dependency Parsing},
  author = {A. Koller and K. Striegnitz},
  pages = {17--24},
  publisher = {Association for Computational Linguistics},
  booktitle = {Association for Computational Linguistics (ACL)},
  year = {2002},
}

@inproceedings{paiva05control,
  title = {Empirically-based Control of Natural Language Generation},
  author = {D. S. Paiva and R. Evans},
  pages = {58--65},
  publisher = {Association for Computational Linguistics},
  booktitle = {Association for Computational Linguistics (ACL)},
  year = {2005},
}

@inproceedings{soricut06widl,
  title = {Stochastic Language Generation Using {WIDL}-Expressions and its Application in Machine Translation and Summarization},
  author = {R. Soricut and D. Marcu},
  pages = {1105--1112},
  publisher = {Association for Computational Linguistics},
  booktitle = {Association for Computational Linguistics (ACL)},
  year = {2006},
}

@inproceedings{soricut06discourse,
  author = {R. Soricut and D. Marcu},
  title = {Discourse Generation Using Utility-Trained Coherence Models},
  pages = {803--810},
  publisher = {Association for Computational Linguistics},
  booktitle = {Association for Computational Linguistics (ACL)},
  year = {2006},
}

@inproceedings{denero09efficient,
  author = {J. DeNero and M. Bansal and A. Pauls and D. Klein},
  title = {Efficient Parsing for Transducer Grammars},
  pages = {227--235},
  publisher = {Association for Computational Linguistics},
  booktitle = {North American Association for Computational Linguistics (NAACL)},
  year = {2009},
}

@inproceedings{agarwal09hybrid,
  author = {A. Agarwal and H. Daume},
  title = {Exponential Family Hybrid Learning},
  booktitle = {International Joint Conference on Artificial Intelligence (IJCAI)},
  year = {2009},
}

@article{belz08sumtime,
  address = {New York},
  number = {4},
  title = {Automatic generation of weather forecast texts using comprehensive probabilistic generation-space models},
  author = {A. Belz},
  journal = {Natural Language Engineering},
  publisher = {Cambridge University Press},
  pages = {1--26},
  volume = {14},
  year = {2008},
}

@article{reiter05sumtime,
  address = {Essex, UK},
  title = {Choosing words in computer-generated weather forecasts},
  author = {E. Reiter and S. Sripada and J. Hunter and J. Yu and I. Davy},
  journal = {Artificial Intelligence},
  publisher = {Elsevier Science Publishers Ltd.},
  pages = {137--169},
  volume = {167},
  year = {2005},
}

@inproceedings{belz09sumtime,
  address = {Morristown, NJ},
  location = {Athens, Greece},
  title = {System building cost vs. output quality in data-to-text generation},
  author = {A. Belz and E. Kow},
  publisher = {Association for Computational Linguistics},
  pages = {16--24},
  booktitle = {European Workshop on Natural Language Generation},
  year = {2009},
}

@inproceedings{green06biomedical,
  address = {Morristown, NJ},
  location = {Sydney, Australia},
  title = {Generation of biomedical arguments for lay readers},
  author = {N. Green},
  publisher = {Association for Computational Linguistics},
  pages = {114--121},
  booktitle = {International Natural Language Generation Conference},
  year = {2006},
}

@inproceedings{turner09geo,
  address = {Morristown, NJ},
  location = {Athens, Greece},
  title = {Generating approximate geographic descriptions},
  author = {R. Turner and Y. Sripada and E. Reiter},
  publisher = {Association for Computational Linguistics},
  pages = {42--49},
  booktitle = {European Workshop on Natural Language Generation},
  year = {2009},
}

@inproceedings{dale03navigation,
  address = {Darlinghurst, Australia},
  location = {Adelaide, Australia},
  title = {CORAL: using natural language generation for navigational assistance},
  author = {R. Dale and S. Geldof and J. Prost},
  publisher = {Australian Computer Society, Inc.},
  pages = {35--44},
  booktitle = {Australasian computer science conference},
  year = {2003},
}

@inproceedings{foster04xslt,
  address = {Morristown, NJ},
  title = {Techniques for text planning with {XSLT}},
  author = {M. E. Foster and M. White},
  publisher = {Association for Computational Linguistics},
  pages = {1--8},
  booktitle = {Workshop on NLP and XML: RDF/RDFS and OWL in Language Technology},
  year = {2004},
}

@article{liu89lbfgs,
  number = {3},
  title = {On the Limited Memory Method for Large Scale Optimization},
  author = {D. C. Liu and J. Nocedal},
  journal = {Mathematical Programming B},
  pages = {503--528},
  volume = {45},
  year = {1989},
}

@inproceedings{papineni02bleu,
  title = {{BLEU}: A Method for Automatic Evaluation of Machine Translation},
  author = {K. Papineni and S. Roukos and T. Ward and W. Zhu},
  publisher = {Association for Computational Linguistics},
  booktitle = {Association for Computational Linguistics (ACL)},
  year = {2002},
}

@inproceedings{piantadosi08compositional,
  author = {S. T. Piantadosi and N. D. Goodman and B. A. Ellis and J. B. Tenenbaum},
  title = {A {B}ayesian Model of the Acquisition of Compositional Semantics},
  booktitle = {Proceedings of the Thirtieth Annual Conference of the Cognitive Science Society},
  year = {2008},
}

@inproceedings{goodman08church,
  author = {N. D. Goodman and V. K. Mansighka and D. Roy and K. Bonawitz and J. B. Tenenbaum},
  title = {Church: a language for generative models},
  booktitle = {Uncertainty in Artificial Intelligence (UAI)},
  year = {2008},
}

@inproceedings{lau00programming,
  author = {T. Lau and P. Domingos and D. S. Weld},
  title = {Programming by demonstration using version space algebra},
  publisher = {Omnipress},
  booktitle = {International Conference on Machine Learning (ICML)},
  year = {2000},
}

@article{lau03programming,
  author = {T. Lau and S. Wolfman and P. Domingos and D. S. Weld},
  title = {Programming by demonstration using version space algebra},
  journal = {Machine Learning},
  pages = {111--156},
  volume = {53},
  year = {2003},
}

@inproceedings{lau03traces,
  author = {T. Lau and P. Domingos and D. S. Weld},
  title = {Learning Programs from Traces using Version Space Algebra},
  pages = {36--43},
  booktitle = {International Conference On Knowledge Capture},
  year = {2003},
}

@inproceedings{briggs06functional,
  author = {F. Briggs and M. O'Neill},
  title = {Functional genetic programming with combinators},
  pages = {110--127},
  booktitle = {Third Asian-Pacific workshop on Genetic Programming},
  year = {2006},
}

@inproceedings{blunsom09note,
  author = {P. Blunsom and T. Cohn and S. Goldwater and M. Johnson},
  title = {A note on the implementation of Hierarchical {D}irichlet Processes},
  publisher = {Association for Computational Linguistics},
  booktitle = {Association for Computational Linguistics (ACL)},
  year = {2009},
}

@book{cypher93pbd,
  author = {A. Cypher},
  title = {Watch what {I} do: Programming by demonstration},
  publisher = {MIT Press},
  year = {1993},
}

@article{caruana97multitask,
  author = {R. Caruana},
  title = {Multitask learning},
  journal = {Machine Learning},
  pages = {41--75},
  volume = {28},
  year = {1997},
}

@article{xue07multitask,
  author = {Y. Xue and X. Liao and L. Carin and B. Krishnapuram},
  title = {Multi-task learning for classification with {D}irichlet process priors},
  journal = {Journal of Machine Learning Research},
  pages = {35--63},
  volume = {8},
  year = {2007},
}

@book{hankin04lambda,
  author = {C. Hankin},
  title = {An Introduction to Lambda Calculi for Computer Scientists},
  publisher = {Lightning Source},
  year = {2004},
}

@inproceedings{ariola97cyclic,
  author = {Z. M. Ariola and S. Blom},
  title = {Cyclic lambda calculi},
  pages = {77--106},
  booktitle = {Theoretical Aspects of Computer Software},
  year = {1997},
}

@book{vapnik00nature,
  address = {New York},
  author = {V. N. Vapnik},
  title = {The Nature of Statistical Learning Theory},
  publisher = {Springer-Verlag},
  year = {2000},
}

@inproceedings{haussler94rigorous,
  author = {D. Haussler and M. Kearns and H. S. Seung and N. Tishby},
  title = {Rigorous Learning Curve Bounds from Statistical Mechanics},
  pages = {76--87},
  booktitle = {Computational Learning Theory},
  year = {1994},
}

@article{wainwright09sharp,
  title = {Sharp thresholds for noisy and high-dimensional recovery of sparsity using $\ell_1$-constrained quadratic programming (Lasso)},
  author = {M. J. Wainwright},
  journal = {IEEE Transactions on Information Theory},
  pages = {2183--2202},
  volume = {55},
  year = {2009},
}

@article{schoenfinkel24combinatory,
  title = {Über die Bausteine der mathematischen Logik},
  author = {M. Schönfinkel},
  journal = {Mathematische Annalen},
  pages = {305--316},
  volume = {92},
  year = {1924},
}

@phdthesis{shalev07online,
  school = {The Hebrew University of Jerusalem},
  author = {S. Shalev-Shwartz},
  title = {Online Learning: Theory, Algorithms, and Applications},
  year = {2007},
}

@inproceedings{eisenstein09read,
  address = {Singapore},
  author = {J. Eisenstein and J. Clarke and D. Goldwasser and D. Roth},
  title = {Reading to Learn: Constructing Features from Semantic Abstracts},
  booktitle = {Empirical Methods in Natural Language Processing (EMNLP)},
  year = {2009},
}

@article{culy96null,
  author = {C. Culy},
  title = {Null objects in {E}nglish recipes},
  journal = {Language Variation and Change},
  pages = {91--124},
  volume = {8},
  year = {1996},
}

@inproceedings{fleischman07intention,
  address = {Cambridge, MA},
  author = {M. Fleischman and D. Roy},
  title = {Representing Intentions in a Cognitive Model of Language Acquisition: Effects of Phrase Structure on Situated Verb Learning},
  publisher = {MIT Press},
  booktitle = {Association for the Advancement of Artificial Intelligence (AAAI)},
  year = {2007},
}

@inproceedings{solar05sketching,
  author = {A. Solar-Lezama and R. Rabbah and R. Bodík and K. Ebcioglu},
  title = {Programming by Sketching for Bit-Streaming Programs},
  booktitle = {Programming Language Design and Implementation (PLDI)},
  year = {2005},
}

@techreport{srebro10stochastic,
  institution = {TTI Chicago},
  author = {N. Srebro and K. Sridharan and A. Tewari},
  title = {Stochastic optimization and online learning with smooth loss functions},
  year = {2010},
}

@phdthesis{mansinghka09thesis,
  school = {MIT},
  author = {V. Mansinghka},
  title = {Natively Probabilistic Computation},
  year = {2009},
}

@article{goodman08rule,
  author = {N. D. Goodman and J. B. Tenenbaum and J. Feldman and T. L. Griffiths},
  title = {A rational analysis of rule-based concept learning},
  journal = {Cognitive Science},
  pages = {108--154},
  volume = {32},
  year = {2008},
}

@inproceedings{arlot10penalty,
  address = {Cambridge, MA},
  author = {S. Arlot and F. Bach},
  title = {Data-driven calibration of linear estimators with minimal penalties},
  pages = {46--54},
  publisher = {MIT Press},
  booktitle = {Advances in Neural Information Processing Systems (NIPS)},
  year = {2010},
}

@inproceedings{kollar10directions,
  author = {T. Kollar and S. Tellex and D. Roy and N. Roy},
  title = {Toward Understanding Natural Language Directions},
  pages = {259--266},
  booktitle = {Human-Robot Interaction},
  year = {2010},
}

@techreport{jaeger08game,
  institution = {University of Tübingen},
  author = {G. Jäger},
  title = {Game Theory in Semantics and Pragmatics},
  year = {2008},
}

@article{jaeger08applications,
  author = {G. Jäger},
  title = {Applications of Game Theory in Linguistics},
  journal = {Language and Linguistics Compass},
  pages = {406--421},
  volume = {2},
  year = {2008},
}

@book{austin62do,
  address = {Clarendon, UK},
  author = {J. L. Austin},
  title = {How to do Things with Words: The William James Lectures delivered at Harvard University in 1955},
  publisher = {Oxford},
  year = {1962},
}

@article{valiant84learnable,
  number = {11},
  author = {L. Valiant},
  title = {A theory of the learnable},
  journal = {Communications of the ACM},
  pages = {1134--1142},
  volume = {27},
  year = {1984},
}

@article{jackson97dnf,
  number = {3},
  author = {J. Jackson},
  title = {An efficient membership-query algorithm for learning {DNF} with respect to the uniform distribution},
  journal = {Journal of Computer and System Sciences},
  pages = {414--440},
  volume = {55},
  year = {1997},
}

@article{angluin88queries,
  number = {4},
  author = {D. Angluin},
  title = {Queries and concept learning},
  journal = {Machine Learning},
  pages = {319--342},
  volume = {2},
  year = {1988},
}

@article{dohono05compressed,
  number = {4},
  author = {D. Donoho},
  title = {Compressed sensing},
  journal = {IEEE Trans. on Information Theory},
  pages = {1289--1306},
  volume = {52},
  year = {2006},
}

@inproceedings{hamlet94random,
  address = {New York},
  title = {Random testing},
  author = {D. Hamlet},
  publisher = {Wiley},
  pages = {970--978},
  booktitle = {Encyclopedia of Software Engineering},
  year = {1994 1994},
}

@article{graf97predicate,
  author = {S. Graf and H. Saidi},
  title = {Construction of abstract state graphs with {PVS}},
  journal = {Computer Aided Verification},
  pages = {72--83},
  volume = {1254},
  year = {1997},
}

@article{munro51stochastic,
  number = {3},
  author = {H. Robbins and S. Monro},
  title = {A Stochastic Approximation Method},
  journal = {Annals of Mathematical Statistics},
  pages = {400--407},
  volume = {22},
  year = {1951},
}

@inproceedings{smaragdakis11context,
  title = {Pick Your Contexts Well: Understanding Object-Sensitivity},
  author = {Y. Smaragdakis and M. Bravenboer and O. Lhotak},
  booktitle = {POPL},
  year = {2011},
}

@article{wanwright09sharp,
  title = {Sharp thresholds for noisy and high-dimensional recovery of sparsity using $\ell_1$-constrained quadratic programming (Lasso)},
  author = {M. J. Wainwright},
  journal = {IEEE Transactions on Information Theory},
  pages = {2183--2202},
  volume = {55},
  year = {2009},
}

@inproceedings{spoon04ddp,
  author = {S. A. Spoon and O. Shivers},
  title = {Demand-Driven Type Inference with Subgoal Pruning: Trading Precision for Scalability},
  booktitle = {ECOOP},
  year = {2004},
}

@inproceedings{henzinger02lazy,
  author = {T. A. Henzinger and R. Jhala and R. Majumdar and G. Sutre},
  title = {Lazy Abstraction},
  booktitle = {POPL},
  year = {2002},
}

@inproceedings{mcmillan06lazy,
  author = {K. McMillan},
  title = {Lazy Abstraction with Interpolants},
  pages = {123--136},
  booktitle = {CAV},
  year = {2006},
}

@inproceedings{vipindeep05pruning,
  author = {V. Vipindeep and P. Jalote},
  title = {Efficient static analysis with path pruning using coverage data},
  booktitle = {International Workshop on Dynamic Analysis (WODA)},
  year = {2005},
}

@inproceedings{liang11minimal,
  title = {Learning Minimal Abstractions},
  author = {P. Liang and O. Tripp and M. Naik},
  booktitle = {POPL},
  year = {2011},
}

@inproceedings{golland10pragmatics,
  title = {A Game-Theoretic Approach to Generating Spatial Descriptions},
  author = {D. Golland and P. Liang and D. Klein},
  booktitle = {Empirical Methods in Natural Language Processing (EMNLP)},
  year = {2010},
}

@inproceedings{angeli10generation,
  title = {A Simple Domain-Independent Probabilistic Approach to Generation},
  author = {G. Angeli and P. Liang and D. Klein},
  booktitle = {Empirical Methods in Natural Language Processing (EMNLP)},
  year = {2010},
}

@inproceedings{liang10abstraction,
  title = {A Dynamic Evaluation of Static Heap Abstractions},
  author = {P. Liang and O. Tripp and M. Naik and M. Sagiv},
  booktitle = {OOPSLA},
  year = {2010},
  pages = {411-427}
}

@inproceedings{liang10programs,
  title = {Learning Programs: A Hierarchical {B}ayesian Approach},
  author = {P. Liang and M. I. Jordan and D. Klein},
  publisher = {Omnipress},
  booktitle = {International Conference on Machine Learning (ICML)},
  year = {2010},
}

@inproceedings{liang10regimes,
  title = {On the Interaction between Norm and Dimensionality: Multiple Regimes in Learning},
  author = {P. Liang and N. Srebro},
  publisher = {Omnipress},
  booktitle = {International Conference on Machine Learning (ICML)},
  year = {2010},
}

@inproceedings{liang10type,
  title = {Type-Based {MCMC}},
  author = {P. Liang and M. I. Jordan and D. Klein},
  publisher = {Association for Computational Linguistics},
  booktitle = {North American Association for Computational Linguistics (NAACL)},
  year = {2010},
}

@techreport{liang10regularizationTR,
  institution = {ArXiv},
  title = {Asymptotically Optimal Regularization in Smooth Parametric Models},
  author = {P. Liang and F. Bach and G. Bouchard and M. I. Jordan},
  year = {2010},
}

@inproceedings{liang10regularization,
  address = {Cambridge, MA},
  title = {Asymptotically Optimal Regularization in Smooth Parametric Models},
  author = {P. Liang and F. Bach and G. Bouchard and M. I. Jordan},
  publisher = {MIT Press},
  booktitle = {Advances in Neural Information Processing Systems (NIPS)},
  year = {2010},
}

@incollection{liang09hdppcfg,
  title = {Probabilistic grammars and hierarchical {D}irichlet processes},
  author = {P. Liang and M. I. Jordan and D. Klein},
  publisher = {Oxford University Press},
  booktitle = {The Oxford Handbook of Applied Bayesian Analysis},
  year = {2009},
}

@inproceedings{liang09semantics,
  address = {Singapore},
  title = {Learning Semantic Correspondences with Less Supervision},
  author = {P. Liang and M. I. Jordan and D. Klein},
  publisher = {Association for Computational Linguistics},
  booktitle = {Association for Computational Linguistics and International Joint Conference on Natural Language Processing (ACL-IJCNLP)},
  year = {2009},
}

@inproceedings{liang09measurements,
  title = {Learning from Measurements in Exponential Families},
  author = {P. Liang and M. I. Jordan and D. Klein},
  publisher = {Omnipress},
  booktitle = {International Conference on Machine Learning (ICML)},
  year = {2009},
}

@inproceedings{liang09online,
  title = {Online {EM} for Unsupervised Models},
  author = {P. Liang and D. Klein},
  publisher = {Association for Computational Linguistics},
  booktitle = {North American Association for Computational Linguistics (NAACL)},
  year = {2009},
}

@inproceedings{liang08asymptotics,
  title = {An Asymptotic Analysis of Generative, Discriminative, and Pseudolikelihood Estimators},
  author = {P. Liang and M. I. Jordan},
  publisher = {Omnipress},
  booktitle = {International Conference on Machine Learning (ICML)},
  year = {2008},
}

@inproceedings{liang08structure,
  title = {Structure Compilation: Trading Structure for Features},
  author = {P. Liang and H. Daume and D. Klein},
  publisher = {Omnipress},
  booktitle = {International Conference on Machine Learning (ICML)},
  year = {2008},
}

@inproceedings{liang08errors,
  address = {Columbus, Ohio},
  title = {Analyzing the Errors of Unsupervised Learning},
  author = {P. Liang and D. Klein},
  publisher = {Association for Computational Linguistics},
  booktitle = {Human Language Technology and Association for Computational Linguistics (HLT/ACL)},
  year = {2008},
}

@inproceedings{haghighi08lexicon,
  address = {Columbus, Ohio},
  title = {Learning Bilingual Lexicons from Monolingual Corpora},
  author = {A. Haghighi and P. Liang and T. Berg-Kirkpatrick and D. Klein},
  publisher = {Association for Computational Linguistics},
  booktitle = {Human Language Technology and Association for Computational Linguistics (HLT/ACL)},
  year = {2008},
}

@inproceedings{liang08agreement,
  address = {Cambridge, MA},
  title = {Agreement-Based Learning},
  author = {P. Liang and D. Klein and M. I. Jordan},
  publisher = {MIT Press},
  booktitle = {Advances in Neural Information Processing Systems (NIPS)},
  year = {2008},
}

@inproceedings{bouchard08language,
  address = {Cambridge, MA},
  title = {A Probabilistic Approach to Language Change},
  author = {A. Bouchard-C\^ot\'e and P. Liang and T. Griffiths and D. Klein},
  publisher = {MIT Press},
  booktitle = {Advances in Neural Information Processing Systems (NIPS)},
  year = {2008},
}

@inproceedings{liang07tutorial,
  address = {Prague, Czech Republic},
  title = {Structured {B}ayesian Nonparametric Models with Variational Inference (tutorial)},
  author = {P. Liang and D. Klein},
  publisher = {Association for Computational Linguistics},
  booktitle = {Association for Computational Linguistics (ACL)},
  year = {2007},
}

@inproceedings{liang07permdp,
  title = {A permutation-augmented sampler for {D}irichlet process mixture models},
  author = {P. Liang and M. I. Jordan and B. Taskar},
  publisher = {Omnipress},
  booktitle = {International Conference on Machine Learning (ICML)},
  year = {2007},
}

@inproceedings{liang07infpcfg,
  title = {The Infinite {PCFG} using Hierarchical {D}irichlet Processes},
  author = {P. Liang and S. Petrov and M. I. Jordan and D. Klein},
  booktitle = {Empirical Methods in Natural Language Processing and Computational Natural Language Learning (EMNLP/CoNLL)},
  year = {2007},
}

@inproceedings{bouchard07diachronic,
  title = {A Probabilistic Approach to Diachronic Phonology},
  author = {A. Bouchard-C\^ot\'e and P. Liang and T. Griffiths and D. Klein},
  booktitle = {Empirical Methods in Natural Language Processing and Computational Natural Language Learning (EMNLP/CoNLL)},
  year = {2007},
}

@inproceedings{liang06discrimative,
  address = {Sydney, Australia},
  title = {An End-to-End Discriminative Approach to Machine Translation},
  author = {P. Liang and A. Bouchard-C\^ot\'e and D. Klein and B. Taskar},
  publisher = {Association for Computational Linguistics},
  booktitle = {International Conference on Computational Linguistics and Association for Computational Linguistics (COLING/ACL)},
  year = {2006},
}

@inproceedings{liang06alignment,
  address = {New York City},
  title = {Alignment by Agreement},
  author = {P. Liang and B. Taskar and D. Klein},
  pages = {104--111},
  publisher = {Association for Computational Linguistics},
  booktitle = {North American Association for Computational Linguistics (NAACL)},
  year = {2006},
}

@mastersthesis{liang05meng,
  school = {Massachusetts Institute of Technology},
  title = {Semi-Supervised Learning for Natural Language},
  author = {P. Liang},
  year = {2005},
}

@techreport{liang05hypercycle,
  institution = {Massachusetts Institute of Technology},
  title = {A Data Structure for Maintaining Acyclicity in Hypergraphs},
  author = {P. Liang and N. Srebro},
  year = {2005},
}

@techreport{liang04markov,
  institution = {Massachusetts Institute of Technology},
  author = {P. Liang and N. Srebro},
  title = {Methods and Experiments With Bounded Tree-width {M}arkov Networks},
  year = {2004},
}

@techreport{liang03maxwmfarm,
  institution = {Massachusetts Institute of Technology},
  author = {P. Liang and N. Srebro},
  title = {How Much Of A Hypertree Can Be Captured By Windmills?},
  year = {2003},
}

@inproceedings{liang05mcmaster,
  author = {P. Liang and N. Srebro},
  title = {Linear Programming in Bounded Tree-width {M}arkov Networks},
  booktitle = {Mathematical Programing for Data Mining and Machine Learning Workshop at McMaster University},
  year = {2005},
}

@inproceedings{liang05geometric,
  author = {P. Liang and M. Narasimhan and M. Shilman and P. Viola},
  title = {Efficient Geometric Algorithms for Parsing in Two Dimensions},
  booktitle = {International Conference on Document Analysis and Recognition (ICDAR)},
  year = {2005},
}
@inproceedings{bravenboer,
  author    = {Martin Bravenboer and
               Yannis Smaragdakis},
  title     = {Strictly declarative specification of sophisticated points-to
               analyses},
  booktitle = {OOPSLA},
  year      = {2009},
  pages     = {243-262},
}

@InProceedings{slam,
  author =	"T. Ball and R. Majumdar and T. Millstein and S. Rajamani",
  title =	"Automatic Predicate Abstraction of {C} Programs",
  pages =	"203--213",
  booktitle =	"PLDI",
  year = 	"2001",
}

@InProceedings{Reps94,
  title =	"Solving Demand Versions of Interprocedural Analysis Problems",
  author =	"T. W. Reps",
  booktitle =	"Proceedings of 5th Intl. Conf. on Compiler Construction",
  year = 	"1994",
  pages =	"389--403",
}

@InProceedings{Reps93,
  title =	"Demand Interprocedural Program Analysis Using Logic Databases",
  author =	"T. W. Reps",
  year = 	"1993",
  booktitle =	"Workshop on Programming with Logic Databases",
  pages =	"163--196"
}

@InProceedings{kobj,
  title =   "Parameterized object sensitivity for points-to and side-effect analyses for {Java}",
  author =  "A. Milanova and A. Rountev and B. Ryder",
  booktitle =  "ISSTA",
  pages =   "1--11",
  year="2002"
}
@InProceedings{kcfa,
  title =       "Control-Flow Analysis in {Scheme}",
  author =      "O. Shivers",
  booktitle={PLDI},
  pages =       "164--174",
  year = "1988"
}

@Article{joeq,
  author = {J. Whaley},
  title = {Joeq: A Virtual Machine and Compiler Infrastructure},
  journal   = {Science of Computer Programming},
  volume    = {57},
  number    = {3},
  year      = {2005},
  pages     = {339--356}
}

@misc{chord,
title={Chord: A Static and Dynamic Program Analysis Framework for {Java}},
howpublished={\verb+http://code.google.com/p/jchord/+}
}

@INPROCEEDINGS{Aldrich99:sas,
    author = {J. Aldrich and C. Chambers and E. G. Sirer and S. J. Eggers},
    title = {Static Analyses for Eliminating Unnecessary Synchronization from {Java} Programs},
    booktitle = {Proceedings of the 6th Intl. Static Analysis Symp. (SAS)},
    pages = {19--38},
    year = {1999}
}

@inproceedings{Liang02:eval1,
 author = {Liang, Donglin and Pennings, Maikel and Harrold, Mary Jean},
 title = {Evaluating the precision of static reference analysis using profiling},
 booktitle = {Proceedings of the ACM SIGSOFT Intl. Symp. on Software Testing and Analysis (ISSTA)},
 pages = {22--32},
 year = {2002}
}

@inproceedings{Liang06:eval2,
 author = {D. Liang and M. Pennings and M. J. Harrold},
 title = {Evaluating the impact of context-sensitivity on Andersen's algorithm for Java programs},
 booktitle = {Proceedings of the ACM SIGPLAN-SIGSOFT Workshop on Program Analysis For Software Tools and Engineering (PASTE)},
 pages = {6--12},
 year = {2006}
}

@article{Aldrich03:scp,
  author    = {J. Aldrich and E. Sirer and C. Chambers and S. J. Eggers},
  title     = {Comprehensive synchronization elimination for {Java}},
  journal   = {Science of Computer Programming},
  volume    = {47},
  number    = {2-3},
  pages     = {91-120},
  year      = {2003}
}

@INPROCEEDINGS{Gogul06:recency,
    author = {G. Balakrishnan and T. W. Reps},
    title = {Recency-Abstraction for Heap-Allocated Storage},
	booktitle =   "Proceedings of the 13th Intl. Static Analysis Symp. (SAS)",
    pages = {221--239},
    year = {2006}
}

@article{Grove01:callgraph,
 author = {D. Grove and C. Chambers},
 title = {A framework for call graph construction algorithms},
 journal = {ACM Transactions on Programming Languages and Systems},
 volume = {23},
 number = {6},
 pages={685--746},
 year = {2001}
}

@InProceedings{DaCapo:oopsla,
  title={The {DaCapo} benchmarks: {J}ava benchmarking development and analysis},
  author={Blackburn, S. M. and Garner, R. and Hoffman, C. and Khan, A. M.
      and McKinley, K. S. and Bentzur, R. and Diwan, A. and Feinberg, D. 
      and Frampton, D. and Guyer, S. Z. and Hirzel, M. and Hosking, A.
      and Jump, M. and Lee, H. and Moss, J. E. B. and Phansalkar, A.
      and Stefanovi\'{c}, D. and {VanDrunen}, T. and von~Dincklage, D.
      and Wiedermann, B.},
  booktitle = {Proceedings of the 21st ACM SIGPLAN Conf. on Object-Oriented Programing Systems, Languages and Applications (OOPSLA)},
   pages={169--190},
  year = {2006}
}

@TechReport{DaCapo:TR,
  title={The {DaCapo} {Benchmarks}: {Java} Benchmarking Development and Analysis (Extended Version)},
  author={Blackburn, S. M. and Garner, R. and Hoffman, C. and Khan, A. M.
      and McKinley, K. S. and Bentzur, R. and Diwan, A. and Feinberg, D. 
      and Frampton, D. and Guyer, S. Z. and Hirzel, M. and Hosking, A.
      and Jump, M. and Lee, H. and Moss, J. E. B. and Phansalkar, A. 
      and Stefanovi\'{c}, D. 
      and {VanDrunen}, T. and von~Dincklage, D. and Wiedermann, B.},
  year = {2006}
}

@inproceedings{Ruf02:pldi,
 author = {E. Ruf},
  booktitle={Proceedings of the ACM SIGPLAN Conf. on Programming Language Design and Implementation (PLDI)},
 title = {Effective synchronization removal for {Java}},
  pages={208--218},
 year = {2000},
}

@INPROCEEDINGS{Blanchet99:oopsla,
    author = {B. Blanchet},
    title = {Escape Analysis for Object-Oriented Languages: Application to {J}ava},
    booktitle = {Proceedings of the 14th ACM SIGPLAN Conf. on Object-Oriented Programming Systems, Languages and Applications (OOPSLA)},
    pages = {20--34},
    year = {1999}
}

@article{Blanchet03:toplas,
	author={B. Blanchet},
	title={Escape analysis for {Java}: Theory and practice},
	journal={ACM Transactions on Programming Languages and Systems},
	volume=25,
	number=6,
	pages={713--775},
	year=2003
}

@INPROCEEDINGS{Lev-Ami00:puttingstatic,
    author = {Tal Lev-Ami and Thomas Reps and Mooly Sagiv and Reinhard Wilhelm},
    title = {Putting Static Analysis to Work for Verification: A Case Study},
    booktitle = {In Intl. Symp. on Software Testing and Analysis},
    pages = {26--38},
    year = {2000}
}

@article{Sagiv02:toplas,
 author = {M. Sagiv and T. W. Reps and R. Wilhelm},
 title = {Parametric shape analysis via 3-valued logic},
 journal = {ACM Transactions on Programming Languages and Systems},
 volume = {24},
 number = {3},
 year = {2002},
 pages = {217--298}
}

@INPROCEEDINGS{Naik06:pldi,
    author = {M. Naik and A. Aiken and J. Whaley},
    title = {Effective static race detection for {Java}},
    booktitle = {Proceedings of ACM Conf. on Programming Language Design and Implementation},
    pages={308--319},
    year = {2006}
}

@inproceedings{Dufour08:blended2,
 author = {B. Dufour and B. G. Ryder and G. Sevitsky},
 title = {A scalable technique for characterizing the usage of temporaries in framework-intensive {Java} applications},
 booktitle = {Proceedings of the 16th ACM SIGSOFT Intl. Symp. on Foundations of Software Engineering (FSE)},
 pages={59--70},
 year = {2008}
}

@inproceedings{Mitchell09:yeti,
 author = {N. Mitchell and E. Schonberg and G. Sevitsky},
 title = {Making Sense of Large Heaps},
 booktitle = {Proceedings of the 23rd European Conf. on Object-Oriented Programming (ECOOP)},
  pages={77--97},
 year = {2009}
}

@inproceedings{Zalamea00:pipelinedloops,
 author = {J. Zalamea and J. Llosa and E. Ayguad\'{e} and M. Valero},
 title = {Improved spill code generation for software pipelined loops},
 booktitle = {Proceedings of the ACM SIGPLAN Conf. on Programming Language Design and Implementation (PLDI)},
 pages={134--144},
 year = {2000}
}

@inproceedings{GhemawatRS00:fieldanalysis,
  author    = {S. Ghemawat and K. H. Randall and D. J. Scales},
  title     = {Field analysis: getting useful and low-cost interprocedural information},
  booktitle = {Proceedings of the ACM SIGPLAN Conf. on Programming Language Design and Implementation (PLDI)},
  pages={334--344},
  year      = {2000}
}

@mastersthesis{Dufour04:quantification,
    author = {B. Dufour},
    title = {Objective quantification of program behaviour using dynamic metrics},
    school = {McGill University, Canada},
    year = {2004}
}

@inproceedings{Shaham02:liveness,
	author = {R. Shaham and E. K. Kolodner and M. Sagiv},
	title = {Estimating the impact of heap liveness information on space consumption in {Java}},
	booktitle = {Proceedings of the Workshop on Memory Systems Performance (MSP) and the Intl. Symp. on Memory Management (ISMM)},
   pages={171--182},
	year = {2002}
}
 
@inproceedings{Dufour07:blended1,
 author = {B. Dufour and B. G. Ryder and G. Sevitsky},
 title = {Blended analysis for performance understanding of framework-based applications},
 booktitle = {Proceedings of the ACM SIGSOFT Intl. Symp. on Software Testing and Analysis (ISSTA)},
  pages="118--128",
 year = {2007}
}


@inproceedings{Mitchell06:ownership,
  author    = {N. Mitchell},
  title     = {The Runtime Structure of Object Ownership},
 booktitle = {Proceedings of the 20th European Conf. on Object-Oriented Programming (ECOOP)},
  pages={74--98},
  year      = {2006}
}

@inproceedings{Mitchell07:causebloat,
	 author = {Mitchell, Nick and Sevitsky, Gary},
	 title = {The causes of bloat, the limits of health},
	 booktitle = {Proceedings of the 22nd ACM SIGPLAN Conf. on Object-Oriented Programming Systems, Languages and Applications (OOPSLA)},
     pages={245--260},
	 year = {2007}
}

@inproceedings{Dieckmann99:alloc,
 author = {S. Dieckmann and U. H\"{o}lzle},
 title = {A Study of the Allocation Behavior of the SPECjvm98 {Java} Benchmark},
 booktitle = {Proceedings of the 13th European Conf. on Object-Oriented Programming (ECOOP)},
 year = {1999},
 pages={92--115}
}

@inproceedings{Harris00:pretenuring,
 author = {T. L. Harris},
 title = {Dynamic adaptive pre-tenuring},
 booktitle = {Proceedings of the Intl. Symp. on Memory Management (ISMM)},
 pages={127--136},
 year = {2000}
}

@inproceedings{Hirzel03:connectivity,
 author = {M. Hirzel and J. Henkel and A. Diwan and M. Hind},
 title = {Understanding the connectivity of heap objects},
 booktitle={Proceedings of the Workshop on Memory Systems Performance (MSP) and the Intl. Symp. on Memory Management (ISMM)},
  pages={143--156},
 year = {2003}
}

@inproceedings{Bogda99:sync,
 author = {J. Bogda and U. H\"{o}lzle},
 title = {Removing unnecessary synchronization in {Java}},
   booktitle = {Proceedings of the 14th ACM SIGPLAN Conf. on Object-Oriented Programming Systems, Languages and Applications (OOPSLA)},
   pages = {35--46},
 year = {1999}
}

@inproceedings{Naik09:icse,
 author = {M. Naik and C-S. Park and K. Sen and D. Gay},
 title = {Effective static deadlock detection},
 booktitle = {Proceedings of the 31st Intl. Conf. on Software Engineering (ICSE)},
 pages={386--396},
 year = {2009}
}

@inproceedings{Yoo08:transactionalmem,
 author = {R. M. Yoo and Y. Ni and A. Welc and B. Saha and A-R. Adl-Tabatabai and H-H. S. Lee},
 title = {Kicking the tires of software transactional memory: why the going gets tough},
 booktitle = {Proceedings of the 20th ACM Symp. on Parallelism in Algorithms and Architectures (SPAA)},
 pages={265--274},
 year = {2008}
}

@INPROCEEDINGS{Choi02:datarace,
    author = {J-D. Choi and K. Lee and A. Loginov and R. O'Callahan and V. Sarkar and M. Sridharan},
    title = {Efficient and Precise Datarace Detection for Multithreaded Object-Oriented Programs},
    booktitle = {Proceedings of the ACM SIGPLAN Conf. on Programming Language Design and Implementation (PLDI)},
   pages={258--269},
    year = {2002}
}

@inproceedings{Lee06:twophaseesc,
 author = {K. Lee and S. P. Midkiff},
 title = {A two-phase escape analysis for parallel {Java} programs},
 booktitle = {Proceedings of the 15th Intl. Conf. on Parallel Architectures and Compilation Techniques (PACT)},
 pages={53--62},
 year = {2006}
}

@phdthesis{kn:Wang94,
  AUTHOR = "E. Y.-B. Wang",
  Title ="Analysis of Recursive Types in an Imperative Language",
  School = "Univ. of Calif.",
  YEAR = 1994,
  address = "Berkeley, CA"
}

@InProceedings{HeintzeTardieu2001,
  author =	"N. Heintze and O. Tardieu",
  title =	"Demand-driven pointer analysis",
  pages =	"24--34",
  booktitle =	"PLDI",
  year = 2001
}

@Article{GuyerLin2005,
  title =	"Error checking with client-driven pointer analysis",
  author =	"S. Guyer and C. Lin",
  journal =	"Science of Computer Programming",
  year = 	"2005",
  number =	"1-2",
  volume =	"58",
  pages =	"83--114",
}

@InProceedings{PlevyakChien1994,
  title =	"Precise Concrete Type Inference for Object-Oriented Languages",
  author =	"J. Plevyak and A. Chien",
  booktitle={OOPSLA},
  pages =	"324--340",
}

@InProceedings{Sridharan+2005,
  author =	"M. Sridharan and D. Gopan and L. Shan and R. Bod{\'\i}k",
  title =	"Demand-driven points-to analysis for {Java}",
  booktitle={OOPSLA},
  pages =	"59--76",
  year = 2005
}

@InProceedings{ZhengRugina2008,
  title =	"Demand-driven alias analysis for {C}",
  author =	"Xin Zheng and Radu Rugina",
  booktitle =	"POPL",
  pages =	"197--208",
  year = 1998
}

@InProceedings{SridharanBodik2006,
  title =	"Refinement-based context-sensitive points-to analysis
		 for {Java}",
  author =	"M. Sridharan and R. Bod{\'i}k",
  booktitle =	{PLDI},
   pages =	"387--400",
   year=2006
}

@InProceedings{GuyerLin2003,
  title =	"Client-Driven Pointer Analysis",
  author =	"S. Guyer and C. Lin",
  booktitle =	"SAS",
  pages =	"214--236",
  year = 2003
}

@InProceedings{ValleeRai+1999,
author={R. Vall\'ee-Rai and P. Co and E. Gagnon and L. Hendren and P. Lam and V. Sundaresan},
title={Soot - a {J}ava Optimization Framework},
booktitle={Proceedings of the 1999 Conference of the Centre for Advanced Studies on Collaborative Research (CASCON'99)},
pages={125-135},
year={1999}
}

@inproceedings{XuRountev2008,
 author = {G. Xu and A. Rountev},
 title = {Merging equivalent contexts for scalable heap-cloning-based context-sensitive points-to analysis},
 booktitle = "{ISSTA '08}",
 pages = {225--236},
 }

@InProceedings{Lattner+2007,
  title =	"Making context-sensitive points-to analysis with heap
		 cloning practical for the real world",
  author =	"C. Lattner and A. Lenharth and V. Adve",
  booktitle =	"{PLDI'07}",
  pages =	"278--289",
}

@InProceedings{LiangHarrold2001,
  title =	"Efficient Computation of Parameterized Pointer
		 Information for Interprocedural Analyses",
  author =	"D. Liang and M. Harrold",
  booktitle =	"{SAS'01}",
  pages =	"279--298",
}

@InProceedings{Nystrom+2004,
  title =	"Importance of heap specialization in pointer
		 analysis",
  author =	"E. Nystrom and H. Kim and W. Hwu",
  booktitle =	"{PASTE'04}",
  pages =	"43--48",
}


@InProceedings{Shivers1988,
  title =	"Control-Flow Analysis in Scheme",
  author =	"O. Shivers",
  booktitle =	"{PLDI'88}",
  pages =	"164--174"
}

@Article{MilanovaRountevRyder2005,
  author =  "A. Milanova and A. Rountev and B. Ryder",
  title =   "Parameterized object sensitivity for points-to
         analysis for {Java}",
  journal = "ACM Transactions on Software Engineering and
         Methodology",
  volume =  "14",
  number =  "1",
  pages =   "1--41",
  year =    "2005",
}

@phdthesis{Whaley2007,
  author = "J. Whaley",
  title = "Context-Sensitive Pointer Analysis using Binary Decision Diagrams",
  school = "Stanford University",
  year = 2007
}

@phdthesis{Milanova2003,
  author = "A. Milanova",
  title = "Precise and Practical Flow Analysis of Object-oriented Software",
  school = "Rutgers University",
  year = 2003
}

@inproceedings{NaikAikenWhaley2006,
  author = {M. Naik and A. Aiken and J. Whaley},
  title = {Effective Static Race Detection for {Java}},
  booktitle = "{PLDI}",
  pages= "308--319",
 year = 2006
}

@Article{LhotakHendren2008,
  author =       "O. Lhot\'{a}k and L. Hendren",
  title =        "Evaluating the benefits of context-sensitive points-to analysis using a {BDD}-based implementation",
  journal =      "ACM Transactions on Software Engineering and
         Methodology",
  volume =       "18",
  number =       "1",
  year =         "2008",
  pages =        "1--53",
}

@InProceedings{LhotakHendren2006,
  author =       "O. Lhot\'ak and L. Hendren",
  title =        "Context-sensitive points-to analysis: is it worth it?",
  booktitle =    "CC",
  pages =        "47--64",
  year = 2006
}

@inproceedings{WhaleyLam2004,
  author = {J. Whaley and M. Lam},
  title = {Cloning-Based Context-Sensitive Pointer Alias Analysis Using Binary Decision Diagrams},
  booktitle = "PLDI",
  pages="131--144",
  year = 2004
}
