@misc{Soot,
title="{Soot: A Java Optimization Framework}",
howpublished="\verb+http://www.sable.mcgill.ca/soot/+"
}

@misc{bddbddb,
title="bddbddb",
howpublished="\verb+http://bddbddb.sourceforge.net/+"
}

@misc{Graphviz,
title="{Graphviz: Graph Visualization Software}",
howpublished="\verb+http://www.graphviz.org/+"
}
